2478 3489
1216 103 1273 148 18

151 226 395 282 oportebat.
451 223 566 268 Cum
598 225 716 267 enim
736 223 953 268 Hercules
982 233 1083 268 ante
1116 225 1318 268 iussisset
1349 225 1435 267 627
1468 226 1663 280 μέθεσθ’
1685 225 1804 281 ἐμῶν
1834 222 2031 276 πέπλοιν,
2062 225 2165 269 dein
2198 226 2327 271 liberi

151 318 202 345 eo
241 303 411 346 firmius
451 310 619 360 patrem
658 303 1069 360 complecterentur,
1110 318 1157 346 se
1195 302 1308 346 velle
1346 301 1459 345 dixit
1489 317 1565 346 eos
1596 303 1800 346 manibus
1837 309 2063 360 tamquam
2091 304 2328 361 ἐφολκίδας

150 381 341 425 trahere:
376 381 536 439 quibus
559 380 677 438 quod
700 380 825 424 addit
855 387 927 425 καῖ
959 381 1046 436 γάρ
1079 378 1157 425 οὒκ
1189 372 1445 438 ἀναίνομαι,
1476 382 1505 425 i.
1535 396 1572 424 e.
1598 379 1758 440 ‘neque
1789 380 1906 424 enim
1938 378 2071 439 piget'
2106 381 2201 426 scil.
2227 380 2328 426 ‘hoc
2390 420 2391 423 ,

149 457 320 516 facere?
365 460 450 503 hoc
485 460 715 516 intelligit:
749 459 867 504 ‘nam
908 477 996 504 non
1029 462 1185 517 negavi
1220 468 1323 503 ante
1355 460 1459 517 quia
1489 456 1681 517 pigeret.²
1707 459 1789 503 ‘Et
1818 459 1902 503 hoc
1932 458 2023 503 fere
2054 459 2183 503 modo
2216 460 2330 504 solet

151 539 333 583 verbum
367 535 625 596 ἀναίνομαι,
658 539 981 598 significatione
1014 539 1192 598 quidem
1230 539 1369 596 varia,
1403 533 1530 597 poni:
1568 538 1690 583 velut
1724 538 1841 583 1228
1873 542 1997 596 φέρει
2032 539 2087 582 τὰ
2124 539 2249 583 θεῶν
2277 556 2328 594 γε

151 616 343 675 πτώματ’
379 615 472 662 οὐδ’
504 615 756 671 ἇναίνεταις
802 619 943 667 1235ς
983 619 1103 663 1400
1135 620 1338 675 ἔκμασσε,
1369 619 1526 676 φείδου
1555 619 1713 675 μηδέν·
1746 615 1825 663 οὔκ
1863 615 2117 674 ἀναίνομαι.
2166 617 2327 663 Verbis
2388 654 2389 657 η

151 704 296 740 autem
323 696 589 752 θεράπευμα
610 701 771 741 τέκνων
792 697 848 740 ad
879 698 1157 755 insequentia
1174 698 1336 741 'relatis
1369 713 1480 755 quae
1512 712 1667 740 manca
1699 703 1792 741 erat
1821 697 2040 740 sententia
2070 696 2326 750 absolvitur,

156 774 423 832 θεράπευμα
463 779 623 819 τέκνων
662 774 807 819 πάντα
845 772 1126 831 τάνθρώπων
1161 779 1237 820 ἴσα
1273 775 1316 819 h.
1356 791 1393 819 e.
1427 775 1496 819 ‘in
1529 775 1725 820 colendis
1761 775 1913 820 liberis
1944 789 2096 818 omnes
2127 774 2329 819 homines

151 869 279 910 pares
318 848 448 897 sunt?
500 852 575 897 Sic
607 854 724 897 enim
755 851 902 897 πάντα
935 851 1217 909 τάνθρώπων
1246 855 1599 912 interpretamur,
1632 860 1681 896 ut
1711 854 1770 897 sit
1799 853 1916 896 idem
1948 853 2065 910 quod
2097 851 2256 903 πάντες
2287 853 2329 896 οἳ

152 931 411 986 ἄνθρωποιε
452 947 536 988 quo
565 930 740 974 dicendi
761 946 845 973 usu
865 931 911 973 in
933 930 1108 974 Helena
1129 932 1218 975 276
1241 931 1400 974 dicitur
1421 930 1475 974 τὰ
1494 931 1733 988 βαρβάρων
1762 930 1847 987 γὰρ
1873 932 2009 975 δοῦλα
2041 929 2187 975 πάντα
2218 930 2330 987 πλὴν

151 1009 247 1059 ἑνός
253 1031 267 1064 3
290 1011 336 1053 in
358 1009 589 1067 Iphigenia
609 1008 760 1052 Aulid.
780 1009 837 1052 33
871 1007 922 1052 τὰ
946 1010 1068 1052 θεῶν
1088 1008 1199 1053 οὕτω
1226 1008 1462 1066 βουλόμεν’
1494 1011 1635 1065 ἔσταις
1666 1009 1831 1054 Phoen.
1849 1010 1938 1054 958
1961 1009 2103 1067 ψευδῆ
2125 1042 2136 1052 .
2161 1042 2171 1052 .
2190 1011 2330 1064 λέγων

152 1087 296 1132 α’δικεῒ
323 1089 376 1131 τὰ
409 1090 494 1131 τῶν
526 1090 648 1132 θεῶν
675 1087 750 1143 (cf.
771 1087 905 1132 Herc.
927 1085 1077 1143 1232),
1111 1089 1156 1131 in
1186 1089 1346 1145 quibus
1368 1089 1573 1133 omnibus
1594 1089 1862 1147 periphrasis
1885 1088 2062 1147 quidem
2082 1089 2179 1145 ipsa
2199 1087 2331 1131 facile

152 1168 498 1224 persentiscitur,
534 1174 581 1209 ut
602 1175 749 1209 tamen
777 1166 890 1209 nihil
922 1166 1010 1209 dici
1042 1173 1251 1224 appareat
1281 1167 1368 1210 nisi
1400 1167 1614 1223 homines,
1648 1167 1767 1223 deos,
1800 1168 2024 1211 barbaros.
2072 1166 2225 1223 Itaque
2257 1166 2328 1210 his

154 1252 361 1302 quattuor
399 1245 600 1288 versibus
640 1246 729 1287 iam
767 1245 823 1287 ab
856 1243 1134 1287 antecedenti
1171 1245 1367 1288 oratione
1406 1244 1636 1300 seiunctis,
1676 1245 1752 1302 qui
1784 1245 2047 1288 sententiam
2078 1244 2328 1287 universam

153 1323 274 1365 illam
299 1322 476 1380 quidem
500 1338 650 1365 verum
674 1336 730 1364 ex
752 1321 1049 1379 superioribus
1072 1322 1301 1365 oriundam
1322 1328 1488 1375 tenent,
1521 1328 1754 1380 tamquam:
1777 1322 1953 1380 proprio
1986 1321 2174 1380 quodam
2203 1320 2329 1380 κώλῳ

151 1401 260 1445 haec
299 1401 417 1459 ῥῆσις
457 1400 749 1453 concluditur,
790 1415 880 1444 non
911 1400 974 1444 ita
1009 1416 1108 1445 raro
1147 1400 1348 1459 exemplo
1388 1399 1504 1459 apud
1539 1399 1810 1459 Euripidem,
1844 1401 1919 1459 qui
1957 1415 2086 1459 saepe
2124 1400 2236 1445 solet
2272 1400 2330 1445 ad

152 1481 268 1524 hunc
309 1480 486 1523 modum
525 1479 697 1537 ῥήσεσιν
736 1480 986 1523 universam
1019 1480 1282 1523 sententiam
1314 1487 1538 1537 tamquam
1569 1480 1804 1537 κολοφῶνα
1835 1480 2073 1540 imponere.
2123 1477 2210 1523 Sed
2243 1494 2329 1537 qua

151 1559 343 1615 imagine
371 1558 427 1602 ab
449 1558 675 1616 ἐφολκίσιν
697 1559 835 1616 petita
862 1574 902 1602 v.
928 1558 1013 1602 631
1050 1558 1184 1601 utitur
1215 1557 1443 1614 Hercules,
1478 1556 1632 1602 eadem
1662 1558 1708 1601 in
1742 1564 1938 1601 extrema
1967 1556 2118 1602 fabula
2147 1558 2332 1601 recurrit

152 1652 249 1680 cum
282 1637 345 1680 ita
377 1636 484 1679 dicit
514 1636 632 1680 idem
667 1636 783 1680 1423

737 1712 857 1770 ἡμεῖς
889 1715 928 1757 δ’
951 1712 1259 1764 ἀναλώσαντες
1291 1712 1517 1769 αἷσχόναις
1548 1713 1687 1769 δόμον

734 1796 872 1850 Θησεῖ
899 1792 1119 1844 πανώλεις
1151 1791 1372 1849 ἑψόμεσθ’
1394 1792 1633 1849 ἐφολκίδες.
1665 1775 1670 1786 ’

151 1872 204 1914 In
247 1887 334 1928 qua
378 1886 427 1914 re
472 1870 837 1914 Wilamowitzius
880 1869 940 1928 (p.
984 1872 1070 1915 169
1109 1879 1153 1914 et
1189 1868 1298 1926 285)
1335 1871 1567 1914 consilium
1608 1877 1763 1928 poetae
1805 1870 2037 1925 agnovisse
2079 1870 2165 1914 sibi
2208 1871 2328 1913 visus

152 1956 237 2005 est,
279 1948 354 2007 qui
391 1949 502 1992 haec
535 1949 649 1992 inter
687 1963 733 1993 se
767 1949 1011 2007 comparari
1044 1949 1250 2005 voluerit,
1291 1948 1528 1992 Herculem
1565 1946 1757 1991 ludendo
1788 1947 1950 1992 liberos
1983 1963 2084 1992 suos
2117 1955 2165 1992 ut
2194 1948 2329 2006 ἐφολ-

151 2028 276 2077 κίδας
309 2042 457 2071 secum
490 2014 759 2082 trahentem,
784 2035 828 2070 et
847 2026 1084 2070 Herculem
1118 2026 1309 2070 nefanda
1339 2026 1463 2070 clade
1495 2026 1743 2070 confectum
1768 2026 1913 2084 ipsum
1941 2027 2170 2084 ἒφολκίδος
2190 2026 2330 2070 instar

152 2106 331 2149 ductum
370 2121 396 2148 a
428 2104 613 2149 Theseo.
678 2103 804 2148 Haec
841 2104 916 2148 ille
957 2112 1000 2148 et
1038 2106 1200 2148 similia
1230 2105 1368 2148 multa
1404 2105 1488 2149 etsi
1520 2105 1630 2149 scite
1662 2112 1706 2148 et
1737 2105 1959 2161 eleganter
1990 2105 2256 2161 excogitavit
2287 2113 2330 2149 et

151 2185 400 2240 exornavit,
450 2192 598 2228 tamen
643 2183 726 2227 hoc
764 2182 942 2241 quidem
980 2183 1076 2227 loco
1115 2183 1366 2228 dubitamus
1405 2183 1459 2228 de
1497 2182 1699 2239 consilio,
1739 2183 1844 2241 quia
1880 2189 2011 2240 poeta
2046 2183 2168 2228 nulla
2204 2193 2327 2242 parte

150 2264 368 2319 legentem
409 2270 484 2306 aut
522 2261 774 2305 audientem
807 2261 987 2305 adiuvat
1021 2269 1066 2305 ut
1097 2261 1218 2305 illam
1250 2269 1442 2305 mentem
1473 2269 1592 2305 recte
1624 2268 1900 2319 assequatur,
1938 2262 2150 2318 figuratae
2182 2270 2327 2306 autem
2398 2297 2401 2298 γ

150 2341 360 2386 orationis
378 2339 585 2385 flosculos
609 2355 740 2398 saepe
758 2339 879 2384 nullo
898 2356 997 2384 cum
1016 2340 1199 2385 consilio
1221 2340 1320 2398 plus
1344 2340 1479 2385 semel
1500 2340 1750 2397 legentibus
1771 2340 1963 2398 apponit,
1982 2341 2102 2385 velut
2122 2341 2328 2392 διαύλους

150 2420 239 2465 662
263 2426 306 2464 et
330 2419 468 2474 11023
503 2418 686 2463 πίτυλον
714 2418 803 2463 816
825 2426 869 2462 et
893 2418 1029 2473 11893
1064 2419 1211 2472 ζεῦγος
1231 2419 1321 2463 454
1343 2427 1386 2462 et
1411 2419 1527 2463 1403
1534 2436 1550 2471 ‚-
1582 2417 1878 2475 ὦρμισμένους
1904 2419 1992 2463 203
2015 2426 2058 2464 et
2082 2421 2218 2475 10943
2251 2420 2328 2478 qui
2370 2406 2372 2408 Ι

150 2498 328 2556 quidem
361 2512 492 2555 saepe
525 2497 659 2540 etiam
692 2497 786 2540 sine
819 2496 1051 2540 tralatione
1070 2497 1159 2540 ulla
1187 2497 1402 2542 dictiones
1424 2496 1602 2541 easdem
1626 2497 1693 2541 bis
1715 2497 1882 2554 positas
1903 2514 1991 2541 non
2012 2498 2184 2554 refugit,
2208 2498 2329 2542 velut

151 2578 211 2621 20
242 2576 511 2633 ἐξημερῶσαι
541 2584 677 2629 γαῖαν
709 2582 753 2619 et
785 2575 873 2619 852
905 2574 1054 2631 χώραν
1085 2577 1158 2619 καὶ
1193 2574 1432 2620 θάλασσαν
1461 2573 1758 2633 ἐξημερώσας,
1800 2576 1846 2619 in
1879 2576 2038 2633 quibus
2068 2575 2327 2635 Euripidem

149 2653 380 2698 audientes
412 2653 551 2697 altero
582 2653 680 2697 loco
712 2653 893 2697 alterius
916 2669 1131 2698 memores
1165 2669 1261 2698 esse
1293 2653 1486 2698 voluisse
1508 2669 1637 2711 aegre
1659 2669 1739 2698 nos
1761 2652 2126 2699 Wilamowitzius
2148 2653 2329 2699 adducit

149 2739 197 2776 ut
229 2731 479 2788 credamus,
524 2746 612 2775 non
645 2731 787 2788 magis
819 2745 951 2788 quam
983 2730 1099 2774 inter
1130 2731 1239 2775 haec
1270 2732 1315 2782 ἐς
1346 2730 1463 2790 φάος
1492 2729 1644 2789 μολών
1674 2732 1764 2777 524
1796 2739 1840 2776 et
1870 2730 1986 2790 φαός
2015 2732 2166 2791 μολών
2196 2737 2327 2790 πατρί

147 2812 233 2856 531
270 2810 439 2868 aliquid
471 2810 697 2854 consultae
729 2809 1040 2854 concinnitatis
1072 2809 1355 2854 intercedere.
1417 2810 1571 2869 Itaque
1606 2811 1723 2869 quod
1743 2811 1959 2856 Hercules
1980 2810 2088 2856 dicit
2117 2811 2206 2857 938
2227 2812 2328 2866 ἐξὸν

146 2891 252 2946 μιᾶς
287 2906 363 2946 μοι
399 2888 541 2945 χειρὸς
577 2886 627 2934 εὖ
666 2891 837 2933 θέσθαι
874 2886 980 2931 τάδε
1016 2887 1059 2932 h.
1090 2903 1126 2931 e.
1150 2887 1267 2932 ‘cum
1303 2888 1411 2932 mihi
1443 2889 1574 2933 liceat
1605 2889 1714 2934 haec
1744 2905 1833 2934 una
1863 2905 1996 2948 opera
2043 2888 2323 2949 componere'

146 2966 352 3027 (quorum
383 2965 433 3012 εὖ
463 2970 638 3012 θέσθαι
670 2967 824 3012 eodem
857 2982 1011 3011 versus
1043 2967 1140 3011 loco
1173 2967 1261 3012 605
1292 2964 1556 3024 legebatur),
1590 2967 1648 3012 ad
1684 2984 1738 3012 ea
1767 2967 1905 3012 alludi
1935 2984 2067 3013 versu
2101 2969 2218 3013 1139
2250 2970 2326 3014 ubi

146 3047 329 3092 Herculi
364 3046 418 3090 de
451 3047 543 3091 suis
575 3046 845 3091 facinoribus
879 3046 1106 3104 quaerenti
1138 3046 1405 3105 Amphitryo
1437 3048 1674 3105 respondet
1702 3048 1808 3104 μιᾶς
1838 3032 2016 3091 ἅπαντα
2046 3046 2188 3103 χειρὸς
2218 3047 2326 3103 ἔργα

147 3128 220 3183 σῆς
267 3125 390 3177 τάδε,
438 3125 617 3169 tametsi
660 3125 931 3169 clarissimus
976 3124 1192 3182 interpres
1239 3121 1537 3182 ἀναισθησίαν
1582 3124 1863 3184 reprehendit
1909 3141 2059 3170 eorum
2105 3125 2181 3183 qui
2217 3125 2326 3169 talia

146 3204 259 3249 nihil
293 3204 535 3249 sentientes
567 3210 857 3262 praetereant,
891 3203 1020 3247 nobis
1054 3219 1142 3247 non
1174 3204 1225 3247 fit
1256 3203 1507 3260 verisimile,
1542 3204 1749 3262 quoniam
1779 3205 1884 3261 μιᾶς
1914 3203 2054 3261 χειρὸς
2079 3202 2129 3248 εὖ
2151 3207 2326 3248 θέσθαι

145 3282 272 3335 τάδε,
310 3298 422 3341 quae
461 3282 641 3341 pulchre
673 3283 1003 3339 interpretatur,
1045 3281 1156 3326 nihil
1198 3283 1414 3339 cogitatae
1455 3282 1758 3327 similitudinis
1796 3282 1958 3327 habere
1990 3281 2194 3327 videntur
2225 3297 2324 3326 cum
