2478 3489
1234 125 1263 169 6

153 250 232 305 47,
274 249 327 293 de
366 248 525 306 quibus
563 247 646 291 hoc
685 246 801 304 quod
840 246 1041 291 volumus
1073 245 1438 291 Wilamowitzius
1474 247 1567 304 ipse
1605 245 1849 302 adnotavit,
1891 252 1935 289 et
1974 260 2087 303 quae
2116 244 2333 290 Hercules

154 344 225 371 vv.
240 328 330 371 574
346 343 412 385 sq.
431 328 517 370 577
543 334 587 369 et
609 325 700 369 580
722 325 829 368 dicit
857 325 1131 368 memorabili
1156 326 1367 368 varietate
1401 341 1504 369 usus
1538 324 1616 368 sed
1647 324 1890 370 utliberos
1921 324 2166 382 principem
2186 323 2333 367 locum

155 407 353 451 obtinere
386 411 609 463 appareat.
663 403 801 448 Porro
831 404 1013 460 Megara
1043 403 1148 447 filiis
1180 403 1382 465 funebria
1413 411 1462 447 ut
1492 403 1717 461 impertire
1749 403 1902 447 liceret
1931 400 2149 459 flagitavit
2179 418 2220 446 v.
2244 401 2332 447 329

155 483 317 541 κόσμον
349 483 487 540 ποὲρες
517 500 592 540 μοι
625 485 749 526 παισὶ
782 485 1046 538 προσθεῖναι
1079 483 1241 536 νεκρῶν
1272 496 1412 538 eoque
1445 481 1606 524 vestitu
1641 481 1818 525 indutos
1855 480 2019 524 liberos
2057 480 2336 539 conspicatur

154 562 370 606 Hercules
403 578 445 606 v.
472 562 561 605 525
594 565 633 604 τί
663 563 804 618 χρῆμα
842 561 952 603 τέκν’
991 557 1077 615 ὁρῶ
1109 559 1196 615 πρὸ
1235 558 1452 615 δωμάτων
1491 560 1711 614 στολμοῖσι
1748 560 1911 616 νεκρῶν
1947 554 2109 615 κρᾶτας
2144 559 2335 616 ἐξεστεμ-

154 646 290 698 μένα,
323 641 413 685 548
445 640 603 697 κόσμος
634 640 682 683 δὲ
715 639 887 682 παίδων
925 642 987 688 τίς
1025 636 1099 680 ὅδε
1131 639 1342 694 νερτέροις
1373 640 1578 692 πρέπων,
1618 644 1822 695 putamus
1859 638 1976 681 enim
2013 637 2187 682 παίδων
2216 647 2335 681 recte

159 720 373 776 scriptum
406 733 503 761 esse
536 732 676 775 neque
709 717 943 774 quicquam
975 715 1255 757 efficiendum
1285 730 1338 757 ex
1362 729 1413 757 eo
1446 715 1564 772 quod
1585 717 1765 759 πέπλων
1796 717 1842 759 in
1876 716 2026 759 codice
2058 730 2204 759 errore
2235 730 2335 760 exa-

158 804 303 840 ratum
352 804 420 840 est
466 811 544 854 pro
592 799 770 851 πρέπων
782 792 841 848 *);
890 808 1032 850 neque
1080 792 1264 849 impedit
1311 792 1428 849 quod
1474 792 1658 850 Megara
1703 794 1991 852 interroganti
2037 794 2115 837 illa
2151 793 2336 838 Herculi

153 874 393 933 respondet
423 872 626 917 θανάτου
657 872 751 915 τάδ’
774 871 854 928 ἤδη
886 869 1126 927 περιβόλαι’
1148 869 1397 926 ἐνήμμεθα,
1430 877 1506 913 aut
1537 869 1655 928 quod
1685 869 1848 928 Lycus,
1884 885 1983 916 cum
2013 871 2220 929 Megarae
2251 871 2335 916 hoc

159 953 327 1010 petenti
361 951 575 1006 concedit,
610 950 854 1007 generatim
889 949 1024 991 verba
1054 949 1161 991 facit
1184 949 1272 992 333
1305 950 1530 1004 κοσμεῖσθ’
1554 948 1638 992 ἔσω
1668 948 1876 1005 μολόντες
1897 950 1985 1003 κτλ,
2017 950 2136 996 idem
2159 952 2245 996 702
2268 966 2335 1008 sq.

156 1031 312 1088 Itaque
346 1038 393 1073 ut
426 1044 553 1073 senes
577 1027 777 1072 Thebani
800 1043 847 1072 se
869 1027 1152 1072 advenientes
1174 1026 1348 1070 funesta
1369 1034 1491 1071 veste
1513 1027 1710 1085 insignes
1742 1028 1857 1073 filios
1879 1029 2086 1074 Herculis
2119 1045 2205 1073 una
2237 1044 2337 1073 cum

160 1117 299 1152 matre
334 1117 378 1151 et
408 1108 735 1165 Amphitryone
769 1107 917 1149 videre
951 1106 1238 1163 pronuntiant
1268 1106 1357 1149 442

741 1182 836 1228 ἄλλ’
870 1185 1006 1239 ἐσορῶ
1037 1183 1122 1239 γὰρ
1155 1182 1311 1227 τούσδε
1342 1188 1578 1242 φθιμένων

739 1264 876 1307 ἔνδυτ’
909 1263 1088 1318 ἔχοντας
1120 1262 1218 1312 τοὺς
1250 1263 1326 1306 τοῦ
1355 1261 1549 1318 μεγάλου

738 1340 792 1397 δή
826 1357 927 1384 ποτε
959 1341 1125 1389 παῖδας
1156 1339 1203 1383 τὸ
1237 1343 1339 1395 πρὶν
1361 1339 1640 1396 Ἡρακλέους,

739 1418 902 1472 ἄλοχόν
934 1435 977 1461 τε
1009 1420 1141 1475 φίλην
1173 1416 1476 1474 ὑποσειραίους

741 1500 869 1540 ποσὶν
900 1499 1110 1540 ἕλκουσαν
1143 1500 1272 1540 τέκνα
1304 1499 1377 1539 καὶ
1407 1495 1586 1552 γεραιὰν

743 1577 893 1631 πατέρ’
918 1574 1192 1631 Ἡρακλέους,

157 1655 220 1697 ita
253 1653 435 1696 dubium
465 1668 562 1696 esse
584 1668 671 1696 non
694 1660 852 1710 potest,
887 1652 992 1711 quin
1015 1652 1208 1710 Megara,
1243 1668 1341 1696 cum
1364 1654 1426 1696 ita
1446 1654 1544 1697 infit
1565 1670 1605 1696 v.
1628 1653 1714 1697 451
1740 1656 1844 1698 εἶεν·
1879 1658 1940 1705 τίς
1960 1652 2113 1711 ἱερεύς,
2145 1659 2205 1706 τίς
2227 1668 2339 1714 σφα-

156 1730 257 1787 γεὺς
289 1733 376 1776 τῶν
408 1730 688 1787 δυσπότμων;
731 1733 865 1787 ἕτοιμ’
894 1730 1018 1784 ἄγειν
1058 1729 1112 1772 τὰ
1145 1729 1313 1788 θύματ’
1334 1733 1395 1782 εἷς
1417 1732 1588 1783 Ἅιδου,
1636 1732 1826 1790 perfecto
1867 1733 2036 1778 scilicet
2076 1735 2234 1779 acerbo
2273 1750 2339 1778 or-

161 1811 297 1854 nandi
329 1810 505 1868 negotio
527 1810 643 1854 filios
668 1817 713 1853 ut
735 1808 920 1865 θύματα
942 1815 1117 1867 paratos
1150 1809 1304 1853 adesse
1338 1818 1381 1853 et
1413 1817 1696 1854 mactatorem
1721 1819 1975 1869 exspectare
2008 1812 2137 1857 dicat.
2186 1813 2339 1870 Neque

164 1905 290 1933 secus
323 1890 369 1932 in
402 1888 556 1932 eadem
589 1887 706 1946 ῥήσει
726 1888 843 1932 filios
875 1895 1045 1931 tantum
1070 1888 1231 1943 cogitat
1254 1903 1353 1931 cum
1386 1889 1433 1931 in
1454 1889 1656 1932 versibus
1689 1905 1822 1947 supra
1854 1890 1999 1934 allatis
2020 1891 2110 1935 456
2132 1907 2212 1949 sq„
2247 1898 2340 1935 tum

166 1984 317 2011 rursus
342 1982 441 2010 cum
463 1974 639 2024 sperata
660 1983 739 2010 sua
761 1966 909 2009 omnia
928 1965 1069 2008 fracta
1091 1974 1134 2008 et
1155 1965 1202 2008 in
1227 1982 1387 2009 vanum
1408 1966 1535 2024 lapsa
1556 1967 1821 2011 lamentatur
1841 1985 1882 2012 v.
1900 1968 1991 2013 480

266 2050 269 2052 ’
744 2046 817 2086 καὶ
849 2045 985 2087 ταῦτα
1017 2044 1214 2099 φροῦδα·
1247 2046 1554 2099 μεταβαλοῦσα
1586 2046 1626 2088 δ’
1647 2044 1673 2101 ἡ
1707 2045 1809 2102 τύχη

742 2120 922 2179 νύμφας
952 2123 1033 2177 μὲν
1066 2121 1168 2177 ὑμῖν
1201 2124 1345 2178 Κῆρας
1377 2119 1580 2166 ἀντέδωκ’
1612 2123 1741 2179 ἔχειν,

743 2201 840 2255 ἐμοὶ
872 2200 921 2243 δὲ
955 2198 1123 2255 δάκρυα
1157 2198 1315 2255 λουτρά
1347 2200 1537 2257 δυστήνῳ
1571 2205 1737 2259 φέρειν·

742 2278 886 2335 πατήρ
919 2279 967 2321 δὲ
1000 2276 1164 2334 πατρὸς
1194 2278 1314 2333 ἑστιᾷ
1344 2279 1513 2335 γοὲμους
1544 2279 1637 2331 ὅδε,

730 2356 884 2414 ’Λιδην
915 2357 1100 2413 νομίζων
1133 2356 1369 2414 πενθερόν,

161 2452 273 2494 quae
295 2442 434 2479 mater
463 2435 607 2479 dicere
641 2435 814 2479 videtur
841 2451 928 2479 non
958 2450 1069 2492 quae
1101 2436 1251 2479 statim
1283 2437 1380 2494 ipsa
1412 2437 1543 2480 simul
1575 2451 1675 2480 cum
1705 2437 1856 2481 liberis
1888 2438 2118 2483 interitura
2149 2448 2227 2496 est,
2263 2441 2341 2485 sed

167 2530 278 2573 quae
301 2515 491 2558 filiorum
510 2521 672 2558 sortem
690 2514 764 2572 qui
783 2513 838 2557 ad
854 2528 1007 2557 necem
1025 2514 1253 2572 rapiuntur
1272 2514 1482 2573 deplorat.
1507 2512 1641 2568 'Quae
1659 2516 1731 2573 qui
1751 2515 2107 2574 consideraverit,
2125 2517 2343 2576 intelliget

162 2600 340 2637 nostrae
358 2608 511 2636 versus
529 2593 681 2636 reiecti
703 2592 1054 2650 interpretationi
1076 2592 1185 2636 illud
1202 2608 1291 2636 non
1314 2593 1400 2637 iam
1419 2594 1575 2638 obesse
1598 2594 1715 2651 quod
1732 2594 1938 2652 Megarae
1959 2610 2046 2638 una
2068 2610 2168 2640 cum
2187 2597 2340 2642 liberis

164 2670 441 2714 moriendum
460 2677 543 2725 est3
568 2685 620 2713 ac
641 2669 769 2713 nobis
792 2669 969 2727 quidem
992 2677 1120 2726 poeta
1141 2670 1387 2715 laudandus
1404 2671 1590 2727 videtur,
1616 2672 1690 2729 qui
1709 2687 1808 2715 cum
1823 2672 1885 2716 ita
1901 2672 2150 2731 loquentem
2171 2674 2341 2719 inducit

381 2901 418 2947 *)
446 2901 770 2939 Wilamowitzius
796 2902 896 2939 enim
922 2903 1018 2939 hunc
1045 2913 1193 2939 versum
1222 2902 1339 2939 edidit

794 2966 928 3017 κόσμος
954 2971 991 3006 δὲ
1017 2973 1159 3006 πέπλων
1185 2973 1234 3011 τίς
1260 2969 1319 3006 ὅδε
1347 2974 1521 3019 νερτέροις
1547 2974 1694 3019 πρέπων

161 3039 306 3072 πέπλων
331 3036 415 3081 (pro
434 3037 593 3080 παίδων)
611 3035 823 3072 restituens
849 3035 928 3073 sive
947 3036 1132 3082 recipiens
1152 3036 1250 3081 quod
1267 3038 1311 3073 A.
1327 3037 1519 3074 Nauckius
1539 3037 1577 3073 in
1596 3037 1661 3073 illa
1680 3038 1791 3074 docta
1818 3049 1980 3076 censura
2006 3040 2133 3086 operis
2161 3040 2340 3079 Wilamo-

163 3100 335 3138 witziani
361 3101 529 3137 inlibris
555 3101 778 3147 quibusdam
806 3101 962 3147 scriptis
981 3107 1021 3138 et
1040 3102 1234 3148 impressis
1262 3103 1339 3148 legi
1359 3107 1540 3140 testatur.
1580 3104 1654 3140 Sed
1677 3105 1777 3149 quod
1802 3104 1842 3141 in
1861 3109 2030 3142 extremo
2057 3117 2172 3143 versu
2196 3109 2341 3143 πέπλων

163 3167 346 3213 seriptum
374 3172 436 3204 est
461 3167 501 3204 in
529 3167 670 3213 codice,
696 3168 735 3204 in
761 3167 997 3214 apographis
1024 3173 1236 3205 correctum
1263 3172 1423 3218 πρέπων,
1449 3169 1483 3205 ei
1509 3170 1634 3206 errori
1659 3181 1706 3207 ne
1732 3170 1886 3207 nimium
1912 3170 2118 3217 tribuatur,
2146 3183 2179 3208 v.
2195 3172 2267 3208 925

787 3232 900 3284 χορὸς
926 3236 964 3271 δὲ
989 3238 1238 3284 καλλίμορφος
1262 3234 1410 3281 εἱστήκει
1435 3239 1578 3274 πέπλων

164 3305 364 3337 exaratum
391 3306 450 3336 est
474 3300 512 3337 in
540 3299 682 3346 codice,
708 3311 730 3337 a
757 3300 925 3338 Cantero
952 3301 1176 3338 restitutum
1204 3304 1347 3339 τέκνων.
