2478 3489
1214 106 1243 149 9

148 227 267 287 quin,
301 227 339 270 si
371 225 478 284 quid
508 224 641 281 aliud,
675 225 757 269 hoc
789 226 848 269 sit
879 226 1184 270 certissimum.
1231 225 1331 269 Hoc
1362 226 1495 284 igitur
1525 227 1820 285 relinquentes
1852 228 1927 271 alii
1959 244 2015 272 ex
2044 228 2197 273 ἱκανόν
2226 230 2315 288 peti

148 307 407 362 maluerunt,
441 303 559 364 quod
574 304 713 349 oratio
734 305 959 363 reciperet,
993 304 1114 349 velut
1135 304 1302 362 collega
1324 312 1483 361 noster,
1516 305 1748 365 Adolphus
1765 305 2078 366 Kirchhoffius,
2103 308 2183 352 hos
2206 308 2314 352 duos

147 400 301 429 versus
333 383 574 441 antiquitus
605 382 718 427 hanc
747 383 839 427 fere
870 384 1061 441 speciem
1092 383 1300 427 habuisse
1333 384 1578 442 suspicatus
1610 393 1679 428 est
1712 386 1817 429 olim

725 460 889 518 ἄρηξον
920 457 1068 518 [ἐλθὲ
1099 462 1186 504 καὶ
1217 457 1354 518 σκιὰ]
1388 460 1564 518 φάνηθί
1592 478 1686 518 μοι·

725 540 822 590 ἅλις
852 541 892 593 γ’
923 540 980 583 ἂν
1009 540 1182 583 ἐλθών
1212 542 1297 582 καὶ
1328 540 1445 582 σκιὰ
1475 544 1618 591 γένοιο
1650 540 1718 591 σύ,

148 617 418 676 corruptelae
449 607 608 675 genere
631 633 735 662 usus
758 617 875 676 quod
896 617 967 661 vel
989 617 1035 661 in
1057 617 1141 661 hac
1160 617 1311 661 fabula
1332 617 1545 676 quaedam
1566 617 1700 661 habet
1722 620 1935 677 exempla,
1969 620 2089 664 velut
2113 622 2229 665 1303
2246 637 2311 679 sq.

724 699 933 750 χορευέτω
965 693 1019 752 δὴ
1049 694 1214 753 Ζηνὸς
1246 694 1270 753 ἡ
1300 695 1445 753 κλεινὴ
1475 695 1625 753 δάμαρ

723 774 919 831 κρούουσ’
931 772 1153 830 Ὀλύμπου
1185 770 1393 832 [Ζηνὸς]
1425 773 1590 836 &estana
1621 777 1757 819 πέδον

149 855 262 897 1101
289 868 353 910 sq.
723 852 776 897 οἵ)
804 869 890 897 που
921 853 1144 910 κατῆλθον
1174 850 1310 903 αὖθις
1340 854 1414 904 εἷς
1433 854 1612 898 'Audon
1644 853 1778 897 πάλιν

723 929 986 988 Εὗρυσθέως
1017 931 1199 975 δίαυλον
1232 927 1325 988 [εἰς
1345 930 1538 985 Ἅιδου]
1568 931 1719 988 μολών

145 1008 199 1052 cf.
229 1008 318 1053 845
342 1023 422 1066 sq„
456 1009 542 1053 nisi
565 1009 681 1067 quod
712 1024 828 1053 nunc
860 1024 990 1067 quam
1022 1009 1122 1052 iniit
1152 1008 1281 1066 paulo
1304 1009 1581 1053 artificiosior
1612 1016 1680 1053 est
1702 1009 1945 1066 corrigendi
1969 1011 2079 1054 ratio
2101 1025 2182 1053 nec
2205 1012 2311 1053 satis

144 1087 386 1145 probabilis
418 1088 475 1131 ob
507 1102 602 1131 eam
636 1103 812 1132 causam
845 1088 949 1145 quia
979 1088 1168 1146 priorem
1201 1076 1377 1131 versum
1410 1102 1465 1130 ex
1485 1088 1656 1145 integro
1680 1103 1882 1131 mancum
1905 1088 2051 1144 efficit,
2086 1096 2133 1132 ut
2154 1088 2312 1133 habeat

145 1181 231 1222 quo
255 1165 439 1210 alterum
460 1165 674 1210 emendet.
739 1163 887 1219 Quare
911 1164 1094 1209 eandem
1117 1166 1366 1223 ceteroquin
1393 1165 1508 1209 viam
1530 1173 1704 1210 secutus
1728 1165 2091 1210 Wilamowitzius
2123 1168 2312 1225 priorem

143 1259 319 1287 versum
357 1259 444 1287 non
482 1244 679 1301 mutavit,
719 1258 774 1287 ex
811 1244 904 1287 solo
943 1242 1100 1287 ἳκανόν
1131 1242 1457 1286 extundendum
1496 1252 1617 1288 ratus
1650 1244 1767 1302 quod
1799 1245 2062 1289 sententiam
2094 1245 2308 1303 expleret:

145 1321 333 1365 similem
364 1322 498 1379 igitur
528 1321 593 1365 illi
624 1322 866 1365 orationem
897 1321 1042 1365 effecit
1072 1321 1303 1365 scribendo

723 1399 898 1458 ἄρηξον,
929 1400 1038 1444 ἐλθὲ
1068 1401 1141 1443 καὶ
1172 1398 1288 1448 σκιά,
1319 1398 1495 1457 φάνηθί
1524 1410 1616 1457 μοι·

720 1478 816 1529 ἅλις
846 1478 932 1536 γὰρ
963 1478 1114 1523 ἐλθὼν
1143 1479 1225 1522 κᾶν
1256 1477 1364 1535 ὄναρ
1394 1482 1539 1532 γένοιο
1570 1478 1634 1536 σύ,

144 1557 260 1615 quod
294 1558 338 1601 in
370 1558 601 1601 Analectis
633 1557 886 1616 Enripideis
918 1556 975 1614 (a.
999 1555 1136 1612 1875)
1158 1572 1199 1615 p.
1216 1558 1306 1602 234
1337 1558 1608 1615 propositum
1640 1559 1780 1600 tenuit
1812 1558 2018 1613 deinceps
2051 1559 2095 1600 in
2131 1566 2309 1617 utraque

144 1651 275 1694 quam
308 1636 479 1694 paravit
510 1642 554 1680 et
584 1636 757 1680 ornavit
787 1635 977 1680 editione
1008 1635 1233 1692 Herculis3
1268 1642 1312 1679 et
1328 1635 1604 1694 splendidam
1626 1636 1885 1679 emendandi
1907 1636 2164 1679 facilitatem
2182 1637 2308 1680 valde

142 1714 384 1770 laudamus,
417 1729 498 1757 nec
528 1713 810 1759 Wecklinum
842 1714 1143 1770 intelligimus,
1176 1716 1220 1757 in
1250 1729 1420 1757 summa
1447 1716 1508 1757 rei
1533 1715 1783 1758 adsentiens
1810 1730 1886 1757 cur
1901 1715 2005 1758 huic
2028 1716 2137 1758 illud
2159 1716 2309 1759 ἐλθών

121 1802 123 1804 ’
143 1790 290 1849 κῶναρ
322 1792 380 1837 ἂν
409 1809 451 1847 y.
476 1791 808 1851 praeferendum
830 1791 1015 1835 duxerit.
1063 1791 1428 1835 Wilamowitzius
1450 1798 1594 1834 autem
1617 1806 1643 1834 a
1664 1806 1711 1835 se
1743 1793 1953 1851 scriptum
1982 1793 2066 1836 κᾶν
2088 1793 2197 1849 ὄναρ
2218 1808 2307 1836 non

141 1871 297 1915 leviter
319 1871 553 1915 sustentari
577 1870 873 1915 arbitrabatur
889 1871 943 1915 iis
967 1885 1078 1928 quae
1095 1870 1377 1928 Amphitryo,
1401 1885 1529 1928 quem
1551 1870 1701 1926 voluit,
1736 1870 1853 1915 illius
1876 1871 2119 1915 sententiae
2141 1886 2308 1915 memor

143 1947 308 1993 diceret
339 1965 380 1993 v.
399 1949 485 1994 517
519 1950 558 1992 εἰ
587 1946 649 2004 μή
663 1949 703 2002 γ’
720 1947 888 2004 ὄνειρον
918 1948 968 1992 ἐν
998 1946 1104 2006 φάει
1135 1965 1174 1992 τι
1204 1946 1452 2005 λεύσσομεν.
1518 1947 1611 1992 Nos
1650 1956 1880 2006 utrumque
1918 1948 2225 1993 addubitamus
2264 1956 2307 1992 et

141 2025 249 2069 haec
266 2026 633 2084 Amphitryonem
650 2041 745 2070 esse
762 2025 834 2083 qui
851 2025 979 2081 dicat,
1014 2032 1057 2069 et
1078 2025 1115 2070 si
1133 2026 1204 2081 sit,
1238 2025 1341 2070 inde
1363 2025 1528 2083 aliquid
1549 2025 1793 2070 redundare
1815 2041 1899 2084 quo
1922 2026 1979 2070 ad
1996 2027 2304 2071 stabiliendam

139 2104 257 2148 illius
289 2120 441 2149 versus
472 2104 656 2149 formam
689 2112 822 2147 utare.
872 2103 1049 2148 Etenim
1081 2111 1129 2147 ut
1158 2103 1242 2148 hoc
1273 2104 1317 2147 in
1351 2110 1603 2148 transcursu
1635 2119 1829 2161 agamus,
1864 2120 1974 2162 quos
1993 2120 2143 2150 versus
2165 2104 2302 2150 Wila·

138 2184 381 2227 mowitzius
415 2182 687 2227 Kirehboffio
720 2189 906 2238 auctore,
940 2182 1015 2239 qui
1048 2189 1195 2226 tamen
1226 2182 1322 2240 ipse
1353 2189 1506 2239 postea
1539 2182 1592 2226 de
1626 2198 1706 2226 sua
1738 2183 1944 2241 opinione
1974 2183 2171 2238 descivit,
2207 2185 2300 2228 sine

139 2262 304 2306 codicis
338 2262 501 2306 indicio
533 2263 648 2306 inter
678 2261 902 2318 Megaram
934 2269 978 2305 et
1009 2260 1377 2319 Amphitryonem
1409 2260 1634 2305 distribuit
1666 2263 1906 2306 516—519

656 2352 707 2381 M.
750 2333 785 2378 ὦ
816 2338 996 2391 πρέσβυ,
1027 2333 1189 2379 λεύσσω
1221 2332 1339 2391 τᾶμά
1370 2334 1556 2391 φίλτατ’,
1591 2335 1613 2390 ἢ
1647 2339 1686 2378 τί
1716 2337 1810 2391 φῶς

668 2431 710 2460 Α.
753 2410 829 2458 οὗκ
860 2414 976 2465 οῖδα,
1008 2411 1222 2469 θύγατερ·
1262 2410 1436 2471 ἀφασία
1468 2413 1517 2455 δὲ
1548 2412 1648 2468 κᾶμ’
1671 2414 1770 2468 ἔχει.

499 2494 588 2537 516
657 2510 707 2539 Μ.
751 2493 817 2536 ὅδ’
838 2495 952 2537 ἐστὶν
983 2493 1035 2537 ὃν
1065 2495 1141 2550 γῆς
1171 2496 1331 2547 νέρθεν
1361 2490 1650 2548 εἰσηκούομεν.

672 2589 713 2619 A.
756 2574 796 2616 εἶ
824 2571 885 2630 μή
912 2574 953 2626 γ’
974 2571 1142 2627 ὄνειρον
1172 2572 1221 2615 ἒν
1251 2569 1356 2629 φάει
1386 2588 1425 2613 τι
1456 2569 1701 2626 λεύσσομεν.

661 2667 710 2697 Μ.
754 2656 793 2694 τί
824 2656 954 2709 φημίς
986 2653 1073 2694 ποτ’
1093 2650 1241 2705 ὄνειρα
1272 2652 1513 2707 κηραίνουο)
1535 2648 1642 2703 ὁρῶς

747 2727 824 2773 οὒκ
854 2729 950 2772 ἔσθ’
983 2729 1051 2771 ὅδ’
1083 2728 1216 2777 ἄλλος
1245 2726 1341 2771 ἀντὶ
1371 2729 1450 2771 σοῦ
1479 2726 1650 2776 παιδός,
1681 2731 1826 2781 γέρον,

135 2822 209 2851 eos
242 2807 346 2852 olim
378 2814 557 2852 cunctos
590 2808 665 2851 uni
697 2807 900 2865 Megarae
932 2807 1268 2865 adscripserunt.
1310 2806 1370 2849 Et
1400 2806 1525 2849 nobis
1559 2805 1736 2863 quidem
1767 2805 1863 2862 ipso
1896 2820 1983 2863 quo
2005 2806 2142 2849 utitur
2162 2805 2300 2850 wila-

133 2886 376 2930 mowitzius
408 2886 606 2945 exemplo
623 2885 876 2944 Vergiliano
897 2887 1120 2941 cernimus,
1154 2901 1212 2928 an
1233 2887 1312 2943 qui
1340 2893 1487 2928 amant
1514 2886 1605 2942 ipsi
1632 2883 1719 2927 eibi
1747 2885 2103 2942 somniafinyunt
2121 2886 2299 2942 probari

134 2963 307 3010 videtur
341 2965 421 3011 illa
440 2965 504 3010 ὅδ’
524 2966 638 3010 ἐστὶν
669 2964 720 3010 ὃν
754 2966 832 3024 γῆς
868 2967 1029 3022 νέρθεν
1064 2963 1338 3024 εἰσηκούομεν
1367 2966 1407 3007 εἰ
1435 2963 1495 3022 μή
1524 2965 1563 3018 γ’
1585 2963 1756 3020 ὄνειρον,
1785 2965 1833 3008 ἐν
1864 2962 1970 3022 φάει
1993 2980 2033 3007 τι
2065 2963 2299 3021 λεύσσομεν

132 3044 261 3088 unius
297 3044 516 3104 loquentis
555 3058 665 3097 esse;
705 3045 742 3087 si
779 3058 881 3087 vero
918 3043 1184 3101 Amphitryo
1220 3043 1329 3085 haec
1364 3044 1404 3085 εἰ
1436 3042 1496 3101 μή
1531 3045 1570 3097 γ’
1596 3042 1769 3099 ὄνειρον
1804 3074 1814 3085 .
1850 3074 1861 3086 .
1892 3042 2130 3099 λεύσσομεν
2165 3045 2297 3086 inter-

131 3129 348 3180 posuerat,
380 3123 437 3167 ad
468 3138 521 3168 ea
540 3123 744 3181 Megarae
777 3122 910 3165 verba
939 3124 1026 3165 ποτ’
1057 3121 1203 3178 ὄνειρα
1223 3123 1467 3177 κηραίνουσ*
1489 3120 1577 3177 ὁρῶ
1597 3122 1674 3164 vix
1705 3122 1813 3166 satis
1845 3129 1946 3180 apte
1977 3123 2295 3165 accommodari

131 3216 275 3258 posse.
324 3199 414 3247 Sed
446 3202 540 3247 sive
560 3201 826 3260 Amphitryo
857 3201 966 3245 haec
997 3215 1108 3258 quae
1139 3207 1242 3244 sunt
1271 3199 1317 3243 in
1347 3215 1387 3243 v.
1406 3200 1492 3244 517
1518 3199 1611 3245 sive
1632 3201 1779 3244 verius
1800 3199 1983 3258 Megara
2002 3199 2123 3257 dicit,
2157 3201 2295 3244 oratio

130 3278 228 3336 ipsa
259 3280 368 3325 adeo
400 3280 518 3325 clara
548 3287 616 3325 est
646 3287 689 3325 et
719 3279 776 3324 ad
806 3294 897 3323 rem
929 3279 1141 3337 apposita,
1173 3278 1250 3321 vix
1280 3284 1329 3321 ut
1360 3278 1537 3322 aliunde
1568 3279 1710 3322 lucem
1744 3285 1983 3337 exspectet.
2031 3278 2186 3336 Itaque
2212 3280 2297 3323 κᾶν

1982 3359 2006 3397 2
