2478 3489
1201 127 1260 171 20

139 264 251 308 quae
285 255 493 307 ceperant.
523 246 762 291 Herculem
795 247 978 290 immani
1013 246 1137 290 clade
1169 246 1382 305 perdendi
1416 245 1637 289 dehortari
1667 244 1830 288 frustra
1862 250 2018 288 conata
2050 251 2129 301 est,
2165 261 2211 289 se
2243 260 2319 305 pa-

138 335 278 372 ratam
314 343 410 372 esse
444 327 550 370 dicit
582 325 763 383 exsequi
795 325 911 383 quod
943 325 1046 369 illae
1079 326 1300 370 iusserint.

646 406 733 459 εἷμί
762 406 814 457 γ’·
841 403 938 447 οὔτε
970 403 1128 455 πόντος
1160 404 1271 448 οὕτω
1302 403 1462 460 κύμασι
1493 406 1653 446 στένων
1684 400 1863 458 λα’βροις

648 481 745 527 οὔτε
775 484 851 539 γῆς
884 482 1055 538 σεισμὸς
1087 484 1301 539 κεραυνοῦ
1331 485 1365 527 τ’
1397 485 1563 539 οἶστρος
1595 476 1758 531 ὦδῒνας
1789 483 1950 535 πνέων,
2001 511 2003 513 -

648 561 705 606 οἷ’
737 560 821 616 ἐγώ
855 560 1012 606 στάδια
1045 562 1299 619 δραμοῦμαι
1330 566 1507 619 στέρνον
1537 563 1598 612 εἷς
1621 559 1884 616 Ἡρακλέους

647 642 721 683 καὶ
753 639 1009 697 καταρρήξω
1041 642 1253 697 μέλαθρα
1284 643 1359 684 καὶ
1390 639 1552 697 δόμους
1582 639 1834 696 ἐπεμβαλῶ,

498 718 586 763 865
648 721 755 762 τέκν’
789 715 1082 763 ἀποκτείνασα
1116 723 1307 776 πρῶτον·
1342 718 1368 764 ὃ
1399 720 1448 764 δὲ
1478 717 1626 764 κανων
1656 715 1734 763 οὒκ
1764 720 1922 761 εἴσεται

510 821 570 826 ——
652 797 817 847 παῖδας
848 797 922 846 οὓς
953 797 1075 840 ἔτικτ’
1107 798 1295 855 ἐναίρων
1326 800 1429 855 πρὶν
1461 799 1519 841 ἂν
1548 797 1656 854 ἐμὰς
1687 794 1847 845 λύσσας
1878 791 1984 855 ἀφῇ.

139 877 192 919 In
225 876 307 919 hac
341 876 458 919 enim
491 875 689 918 oratione
724 890 897 918 versum
926 875 1015 919 866
1049 875 1242 918 alienum
1275 891 1372 920 esse
1405 876 1752 920 additamentum
1772 872 2136 917 Wilamowitzius
2168 872 2318 916 multis

142 954 338 998 collectis
378 954 647 1012 argumentis
688 952 986 997 demonstrare
1025 953 1206 997 studuit.
1268 954 1363 998 Nos
1396 954 1472 1012 qui
1504 968 1631 998 secus
1663 952 1874 996 sentimus
1922 966 2011 994 non
2044 949 2319 994 exordiemur

142 1049 168 1075 a
199 1032 453 1090 temptando
488 1032 641 1074 horum
675 1038 1031 1088 argumentorum
1064 1031 1275 1090 pondere,
1317 1031 1395 1076 sed
1429 1032 1497 1076 his
1530 1032 1706 1075 interim
1738 1029 1942 1088 sepositis
1975 1029 2095 1087 prius
2127 1029 2319 1086 pensita·

142 1112 299 1166 bimus,
334 1109 441 1168 quid
473 1110 547 1153 ille
581 1126 733 1154 versus
766 1110 965 1154 sublatus
997 1110 1181 1167 efficiat,
1224 1109 1417 1169 quidque
1449 1110 1603 1154 afferat
1633 1109 1690 1153 ad
1722 1108 1982 1153 sententiam
2015 1123 2094 1151 suo
2125 1107 2222 1151 loco
2253 1123 2318 1151 re-

140 1190 284 1233 lictus.
339 1188 425 1231 His
460 1190 575 1232 enim
608 1189 739 1232 rebus
771 1189 1023 1247 exploratis,
1057 1189 1163 1246 quid
1196 1188 1250 1232 de
1274 1203 1426 1233 versus
1459 1188 1629 1246 origine
1654 1187 1935 1231 iudicandum
1959 1187 2028 1243 sit,
2052 1186 2180 1229 facile
2203 1193 2319 1244 pate-

140 1270 228 1311 fiet.
278 1269 428 1326 Atque
468 1267 576 1311 haec
614 1282 725 1325 quae
767 1267 1133 1312 Wilamowitzius
1171 1268 1338 1311 iudicat
1374 1264 1459 1326 perv
1489 1282 1536 1312 se
1575 1267 1670 1312 sola
1706 1267 1869 1310 omisso
1906 1281 2037 1310 versu
2068 1266 2318 1324 insequenti

141 1354 294 1405 poetae
331 1347 468 1389 menti
506 1346 778 1403 satisfacere,
822 1346 846 1389 ὃ
883 1346 932 1389 δὲ
964 1345 1113 1389 κανων
1145 1343 1222 1392 οὒκ
1252 1350 1435 1398 εἵσεται,
1476 1362 1563 1404 quo
1602 1346 1785 1391 consilio
1824 1345 1973 1389 addita
2004 1345 2094 1387 sint
2124 1344 2318 1397 omnino,

139 1426 300 1468 frustra
337 1425 600 1482 quaerimus,
634 1424 731 1467 ‘ille
766 1439 870 1468 vero
909 1426 1077 1468 nesciet
1116 1440 1163 1468 se
1197 1421 1436 1468 occidisse?
1501 1423 1622 1479 Quid
1661 1425 1778 1469 enim
1816 1424 1900 1467 hoc
1936 1423 2035 1466 miri
2074 1429 2142 1466 est
2172 1424 2219 1466 in
2252 1438 2317 1480 eo,

142 1519 270 1561 quem
320 1503 464 1545 furore
503 1511 750 1560 correptum
790 1503 844 1545 iri
884 1501 1039 1547 Λύσσα
1078 1503 1208 1546 modo
1251 1518 1411 1560 magna
1448 1518 1556 1547 voce
1595 1503 1813 1547 clamavit.
1865 1502 2001 1546 Porro
2033 1501 2057 1544 ὃ
2085 1502 2134 1545 δὲ
2165 1502 2211 1545 in
2243 1502 2321 1545 illa

142 1582 362 1625 sententia
394 1581 692 1624 necessarium
727 1588 832 1637 erat,
867 1582 1145 1640 participium
1178 1588 1226 1624 ut
1247 1581 1382 1625 verbo
1411 1580 1763 1634 adhaeresceret3
1797 1580 1875 1625 sed
1897 1581 2000 1639 quia
2020 1579 2173 1625 Λύσσα
2196 1579 2249 1624 de
2271 1596 2318 1624 se

143 1660 272 1703 modo
311 1660 612 1718 pronuntiavit
651 1659 756 1717 quid
788 1666 939 1703 actura
971 1666 1099 1716 esset,
1134 1658 1390 1716 καταρρήξω
1421 1661 1632 1716 μέλαθρα
1663 1661 1738 1703 καὶ
1768 1658 1929 1716 δόμους
1959 1660 2193 1723 ἐπεμβαλῶ
2210 1661 2318 1702 τέκν’

141 1731 437 1781 ἀποκτείνασα
478 1740 670 1793 πρῶτον,
709 1754 799 1780 non
837 1739 1052 1780 abso-num
1090 1744 1183 1780 erat
1215 1737 1329 1780 hanc
1367 1738 1608 1780 orationem
1640 1737 1687 1780 in
1718 1737 1836 1780 hune
1865 1737 2041 1780 modum
2073 1737 2319 1780 continuari

143 1815 165 1858 ὁ
201 1817 249 1859 δὲ
281 1815 450 1867 κανών,
493 1824 540 1859 ut
577 1817 615 1859 is
655 1816 976 1873 significaretur
1008 1817 1083 1873 qui
1124 1815 1301 1859 caedem
1336 1822 1584 1873 patraturus
1617 1821 1755 1870 esset,
1795 1831 1925 1873 quam
1957 1814 2133 1872 quidem
2164 1813 2318 1859 Λύσσα

145 1905 236 1938 tam
267 1903 384 1938 recte
418 1895 504 1938 sibi
538 1896 699 1952 quippe
732 1895 912 1950 auctori,
947 1910 1079 1951 quam
1101 1893 1284 1937 Herculi
1312 1894 1549 1937 attribuere
1571 1894 1726 1951 potuit,
1760 1894 1835 1951 qui
1856 1910 1936 1937 sua
1958 1909 2087 1937 manu
2108 1894 2317 1951 perficiet.

145 1974 245 2017 Non
279 1973 553 2016 dissimiliter
586 1971 943 2029 Clytaemnestra
975 1970 1221 2029 Sophoclea
1253 1971 1430 2015 caedem
1463 1972 1878 2029 Agamemnoniam,
1913 1987 1998 2028 quo
2030 1973 2190 2015 iustam
2222 1987 2318 2015 esse

143 2052 362 2109 probaret,
397 2067 522 2095 suam
555 2050 686 2094 simul
719 2058 762 2093 et
782 2053 912 2107 Δίκης
944 2065 1041 2093 esse
1074 2049 1309 2093 affirmavit
1330 2047 1511 2105 (Electr.
1535 2049 1643 2105 528)
1674 2048 1701 2107 ἦ
1729 2049 1812 2104 γὰρ
1845 2054 1951 2107 Δίκη
1983 2066 2051 2094 νιν
2081 2049 2209 2101 εἷλεν,
2242 2046 2318 2093 οὒκ

142 2129 227 2182 ἐγώ
260 2128 392 2186 μόνη,
429 2129 699 2186 eandemque
733 2128 1023 2171 differentiam
1056 2144 1143 2171 non
1177 2128 1271 2172 sine
1303 2128 1503 2171 acumine
1536 2128 1697 2172 elatam
1728 2127 1861 2172 habet
1891 2127 2063 2172 Rhesus
2096 2128 2184 2172 938

651 2208 725 2249 καὶ
756 2206 890 2257 τοῦδ’,
912 2203 1105 2257 Ἀθάνα,
1139 2204 1303 2256 παντὸς
1333 2208 1451 2249 αῖτία
1482 2205 1637 2264 μόρου,

650 2283 779 2329 οὐδὲν
811 2286 850 2328 δ’
882 2282 1109 2335 Ὀδυσσεὺς
1141 2283 1231 2329 οὐδ’
1264 2284 1287 2328 ὁ
1324 2286 1498 2336 Τυδέως
1528 2283 1651 2335 τόκος

650 2364 807 2419 ἔδρασε
838 2364 1022 2418 δράσας·
1055 2364 1113 2420 μή
1148 2363 1264 2407 δόκει
1295 2364 1547 2421 λεληθέναι.

141 2442 295 2499 Itaque
328 2441 411 2483 hoc
445 2441 618 2483 initium
651 2447 824 2484 tantum
857 2442 1113 2497 sententiae,
1148 2456 1235 2483 non
1269 2441 1484 2499 integram
1508 2455 1605 2483 esse
1627 2440 1880 2496 orationem,
1914 2440 2187 2496 arbitramur,
2222 2437 2245 2482 ὃ
2268 2441 2317 2482 δὲ

142 2519 288 2563 κανὼν
319 2517 396 2563 οὒκ
426 2523 601 2563 εἴσεται.
649 2517 779 2573 Quod
812 2520 886 2563 ubi
921 2535 1020 2563 cum
1054 2535 1182 2564 versu
1214 2521 1289 2577 qui
1325 2520 1453 2577 vulgo
1487 2519 1685 2577 sequitur
1715 2519 1994 2562 coniunctum
2026 2534 2159 2562 unum
2182 2513 2316 2563 enun-

141 2599 297 2641 tiatum
343 2598 537 2641 effecerit
581 2597 604 2640 ὁ
642 2598 691 2641 δὲ
731 2597 879 2642 κανων
913 2595 989 2642 οὗκ
1011 2601 1169 2642 εἴσεται
1190 2599 1355 2649 παῖδας
1376 2598 1451 2649 οὓς
1473 2598 1597 2642 ἔτικτ’
1617 2598 1804 2653 ἐναίρων
1824 2599 1927 2653 πρὶν
1947 2598 2006 2641 α“ν
2025 2597 2134 2655 ἐμὰς
2156 2596 2316 2647 λύσσας

141 2674 234 2738 ἀφῇ
264 2676 307 2719 h.
333 2674 399 2720 e.‘
420 2677 492 2733 qui
528 2691 630 2719 vero
663 2675 825 2719 occidit
857 2691 904 2719 se
944 2692 1046 2720 suos
1077 2676 1192 2720 filios
1226 2676 1425 2720 occidere
1458 2691 1545 2720 non
1574 2676 1685 2719 sciet
1704 2676 1826 2734 prius
1848 2691 1979 2734 quam
2000 2676 2167 2721 furores
2190 2676 2315 2721 dimi·
2362 2712 2365 2716 .

141 2753 291 2811 serit’,
331 2754 439 2798 haec
478 2770 605 2798 nemo
643 2770 730 2798 non
770 2754 978 2811 intelligit
1015 2770 1102 2812 qua
1138 2754 1192 2798 de
1225 2770 1358 2798 causa
1389 2753 1562 2798 adiecta
1593 2754 1694 2798 sint.
1741 2753 1811 2798 Ex
1843 2754 1912 2799 his
1944 2756 2060 2800 enim
2093 2757 2315 2815 percipere

141 2835 341 2879 videmur
372 2834 419 2877 in
450 2833 533 2877 hac
565 2832 791 2890 tragoedia
822 2833 914 2878 fore
947 2841 995 2876 ut
1017 2832 1231 2877 Hercules
1264 2833 1442 2877 tandem
1474 2832 1635 2876 mentis
1664 2832 1849 2890 caligine
1871 2833 2070 2880 discussa
2089 2835 2312 2891 resciscat,

140 2930 249 2971 quas
297 2913 479 2956 acerbas
523 2912 678 2956 caedes
716 2913 968 2970 patraverit.
1028 2911 1079 2955 Id
1114 2912 1230 2969 quod
1263 2928 1396 2969 quam
1428 2912 1723 2956 necessarium
1753 2912 1885 2956 fuerit
1914 2913 1971 2956 ad
2002 2914 2314 2971 perficiendam

139 2991 347 3036 Herculis
374 2990 610 3046 miseriam,
631 2990 702 3034 vel
732 2990 810 3034 illa
840 2998 1025 3048 possunt
1047 2989 1269 3033 declarare
1302 3005 1414 3048 quae
1435 2989 1482 3033 in
1505 2989 1639 3034 simili
1661 3005 1765 3036 casu
1786 2993 1968 3049 Agauae
1990 2989 2184 3038 Cadmus
2208 2991 2316 3035 dicit

139 3072 184 3114 in
217 3069 406 3114 Bacchis
443 3068 560 3112 1259

649 3130 733 3186 φεῦ
764 3130 864 3185 φεῦ·
899 3126 1175 3186 φρονήσασαι
1205 3129 1287 3184 μὲν
1318 3125 1380 3172 οἷ’
1415 3127 1626 3184 ἐδράσατε

468 3209 585 3252 1260
647 3205 841 3265 ἀλγήσετ’
873 3206 1008 3261 ἄλγος
1038 3207 1202 3251 δεινόν·
1236 3209 1275 3250 εἰ
1305 3207 1354 3250 δὲ
1386 3205 1461 3250 διὰ
1490 3209 1636 3258 τέλους

646 3287 695 3330 ἕν
726 3286 826 3345 τῷδ’
858 3283 927 3330 ἀεὶ
957 3286 1114 3342 μενεῖτ’
1145 3285 1193 3329 ἐν
1224 3281 1259 3341 ᾦ
1290 3270 1545 3337 καθέστατε,

647 3362 724 3410 οὗκ
754 3363 1005 3422 εὒτυχοέσαι
1037 3363 1172 3418 δόξετ’
1204 3360 1302 3421 οὐχὶ
1333 3365 1566 3422 δυστυχεῖν.
