<?xml version="1.0" encoding="UTF-8"?>
<!DOCTYPE html PUBLIC "-//W3C//DTD XHTML 1.0 Transitional//EN"
    "http://www.w3.org/TR/xhtml1/DTD/xhtml1-transitional.dtd">
<html xmlns="http://www.w3.org/1999/xhtml" xml:lang="en" lang="en">
 <head>
  <title>
</title>
<meta http-equiv="Content-Type" content="text/html;charset=utf-8" />
  <meta name='ocr-system' content='tesseract 3.04.00' />
  <meta name='ocr-capabilities' content='ocr_page ocr_carea ocr_par ocr_line ocrx_word'/>
</head>
<body>
  <div class='ocr_page' id='page_1' title='image "4766200_0014.png"; bbox 0 0 2478 3489; ppageno 0'>
   <div class='ocr_carea' id='block_1_1' title="bbox 1218 163 1247 205">
    <p class='ocr_par' dir='ltr' id='par_1_1' title="bbox 1218 163 1247 205">
     <span class='ocr_line' id='line_1_1' title="bbox 1218 163 1247 205; baseline 0 0"><span class='ocrx_word' id='word_1_1' title='bbox 1218 163 1247 205; x_wconf 89' lang='grc'>4</span> 
     </span>
    </p>
   </div>
   <div class='ocr_carea' id='block_1_2' title="bbox 137 281 2320 2707">
    <p class='ocr_par' dir='ltr' id='par_1_2' title="bbox 142 281 2317 653">
     <span class='ocr_line' id='line_1_2' title="bbox 144 281 2316 339; baseline -0 -15"><span class='ocrx_word' id='word_1_2' title='bbox 144 298 198 324; x_wconf 85' lang='lat' dir='ltr'><strong>ex</strong></span> <span class='ocrx_word' id='word_1_3' title='bbox 231 282 383 325; x_wconf 89' lang='lat' dir='ltr'><strong>inferis</strong></span> <span class='ocrx_word' id='word_1_4' title='bbox 418 297 464 325; x_wconf 91' lang='lat' dir='ltr'><strong>se</strong></span> <span class='ocrx_word' id='word_1_5' title='bbox 497 297 687 338; x_wconf 91' lang='lat' dir='ltr'><strong>suosque</strong></span> <span class='ocrx_word' id='word_1_6' title='bbox 717 282 880 324; x_wconf 89' lang='lat' dir='ltr'><strong>liberos</strong></span> <span class='ocrx_word' id='word_1_7' title='bbox 903 288 945 324; x_wconf 88' lang='lat' dir='ltr'><strong>et</strong></span> <span class='ocrx_word' id='word_1_8' title='bbox 967 288 1133 338; x_wconf 88' lang='lat' dir='ltr'><strong>patrem</strong></span> <span class='ocrx_word' id='word_1_9' title='bbox 1165 281 1213 323; x_wconf 89' lang='lat' dir='ltr'><strong>in</strong></span> <span class='ocrx_word' id='word_1_10' title='bbox 1235 296 1406 324; x_wconf 90' lang='lat' dir='ltr'><strong>summo</strong></span> <span class='ocrx_word' id='word_1_11' title='bbox 1429 281 1682 324; x_wconf 82' lang='lat' dir='ltr'>discrimine</span> <span class='ocrx_word' id='word_1_12' title='bbox 1704 281 1945 338; x_wconf 77' lang='lat' dir='ltr'><strong>pendentes</strong></span> <span class='ocrx_word' id='word_1_13' title='bbox 1967 288 2187 325; x_wconf 85' lang='lat' dir='ltr'><strong>servatum</strong></span> <span class='ocrx_word' id='word_1_14' title='bbox 2218 296 2316 339; x_wconf 87' lang='lat' dir='ltr'><strong>pro-</strong></span> 
     </span>
     <span class='ocr_line' id='line_1_3' title="bbox 145 358 2317 423; baseline 0 -21"><span class='ocrx_word' id='word_1_15' title='bbox 145 367 280 418; x_wconf 84' lang='lat' dir='ltr'><strong>peret.</strong></span> <span class='ocrx_word' id='word_1_16' title='bbox 331 360 383 402; x_wconf 90' lang='lat' dir='ltr'><strong>In</strong></span> <span class='ocrx_word' id='word_1_17' title='bbox 415 359 498 402; x_wconf 87' lang='lat' dir='ltr'><strong>hac</strong></span> <span class='ocrx_word' id='word_1_18' title='bbox 531 360 728 423; x_wconf 84' lang='lat' dir='ltr'><strong>oratione</strong></span> <span class='ocrx_word' id='word_1_19' title='bbox 760 358 932 416; x_wconf 84' lang='lat' dir='ltr'><strong>prolixa</strong></span> <span class='ocrx_word' id='word_1_20' title='bbox 963 358 1039 402; x_wconf 92' lang='lat' dir='ltr'><strong>sed</strong></span> <span class='ocrx_word' id='word_1_21' title='bbox 1072 359 1185 401; x_wconf 85' lang='lat' dir='ltr'><strong>mira</strong></span> <span class='ocrx_word' id='word_1_22' title='bbox 1207 365 1435 402; x_wconf 89' lang='lat' dir='ltr'><strong>venustate</strong></span> <span class='ocrx_word' id='word_1_23' title='bbox 1463 359 1694 416; x_wconf 84' lang='lat' dir='ltr'><strong>explicata,</strong></span> <span class='ocrx_word' id='word_1_24' title='bbox 1729 359 1835 403; x_wconf 91' lang='lat' dir='ltr'><strong>olim</strong></span> <span class='ocrx_word' id='word_1_25' title='bbox 1865 359 2004 403; x_wconf 87' lang='lat' dir='ltr'><strong>multa</strong></span> <span class='ocrx_word' id='word_1_26' title='bbox 2034 358 2207 403; x_wconf 85' lang='lat' dir='ltr'><strong>salebra</strong></span> <span class='ocrx_word' id='word_1_27' title='bbox 2237 358 2317 402; x_wconf 88' lang='lat' dir='ltr'><strong>im-</strong></span> 
     </span>
     <span class='ocr_line' id='line_1_4' title="bbox 142 436 2316 500; baseline -0 -19"><span class='ocrx_word' id='word_1_28' title='bbox 142 438 347 495; x_wconf 89' lang='lat' dir='ltr'><strong>pediente</strong></span> <span class='ocrx_word' id='word_1_29' title='bbox 380 439 605 492; x_wconf 85' lang='lat' dir='ltr'><strong>lectorem,</strong></span> <span class='ocrx_word' id='word_1_30' title='bbox 648 438 736 480; x_wconf 89' lang='lat' dir='ltr'><strong>alia</strong></span> <span class='ocrx_word' id='word_1_31' title='bbox 767 436 1084 493; x_wconf 88' lang='lat' dir='ltr'><strong>interpretandi</strong></span> <span class='ocrx_word' id='word_1_32' title='bbox 1126 453 1230 479; x_wconf 90' lang='lat' dir='ltr'><strong>cura</strong></span> <span class='ocrx_word' id='word_1_33' title='bbox 1259 437 1426 500; x_wconf 20' lang='lat' dir='ltr'><strong>’partim</strong></span> <span class='ocrx_word' id='word_1_34' title='bbox 1458 443 1604 480; x_wconf 87' lang='lat' dir='ltr'><strong>autem</strong></span> <span class='ocrx_word' id='word_1_35' title='bbox 1636 437 1899 487; x_wconf 84' lang='lat' dir='ltr'><strong>emendandi</strong></span> <span class='ocrx_word' id='word_1_36' title='bbox 1931 437 2124 481; x_wconf 90' lang='lat' dir='ltr'><strong>sollertia</strong></span> <span class='ocrx_word' id='word_1_37' title='bbox 2154 437 2316 495; x_wconf 89' lang='lat' dir='ltr'><strong>optime</strong></span> 
     </span>
     <span class='ocr_line' id='line_1_5' title="bbox 144 514 2316 573; baseline 0 -14"><span class='ocrx_word' id='word_1_38' title='bbox 144 517 451 560; x_wconf 88' lang='lat' dir='ltr'><strong>administrata</strong></span> <span class='ocrx_word' id='word_1_39' title='bbox 483 523 602 560; x_wconf 82' lang='lat' dir='ltr'><strong>sunt:</strong></span> <span class='ocrx_word' id='word_1_40' title='bbox 637 521 774 558; x_wconf 89' lang='lat' dir='ltr'><strong>restat</strong></span> <span class='ocrx_word' id='word_1_41' title='bbox 795 515 864 558; x_wconf 88' lang='lat' dir='ltr'><strong>vel</strong></span> <span class='ocrx_word' id='word_1_42' title='bbox 888 514 1061 558; x_wconf 90' lang='lat' dir='ltr'><strong>videtur</strong></span> <span class='ocrx_word' id='word_1_43' title='bbox 1082 514 1258 572; x_wconf 91' lang='lat' dir='ltr'><strong>quidem</strong></span> <span class='ocrx_word' id='word_1_44' title='bbox 1280 514 1408 559; x_wconf 91' lang='lat' dir='ltr'><strong>nobis</strong></span> <span class='ocrx_word' id='word_1_45' title='bbox 1431 521 1595 558; x_wconf 87' lang='lat' dir='ltr'><strong>restare</strong></span> <span class='ocrx_word' id='word_1_46' title='bbox 1617 514 1785 572; x_wconf 84' lang='lat' dir='ltr'><strong>aliquid</strong></span> <span class='ocrx_word' id='word_1_47' title='bbox 1807 515 2107 573; x_wconf 78' lang='lat' dir='ltr'><strong>ambiguitatis</strong></span> <span class='ocrx_word' id='word_1_48' title='bbox 2130 515 2176 559; x_wconf 89' lang='lat' dir='ltr'><strong>in</strong></span> <span class='ocrx_word' id='word_1_49' title='bbox 2198 514 2316 573; x_wconf 90' lang='lat' dir='ltr'><strong>prin·</strong></span> 
     </span>
     <span class='ocr_line' id='line_1_6' title="bbox 146 586 1933 653; baseline -0.001 -14"><span class='ocrx_word' id='word_1_50' title='bbox 146 596 259 653; x_wconf 88' lang='lat' dir='ltr'><strong>cipio</strong></span> <span class='ocrx_word' id='word_1_51' title='bbox 283 595 491 638; x_wconf 87' lang='lat' dir='ltr'><strong>orationis</strong></span> <span class='ocrx_word' id='word_1_52' title='bbox 515 602 558 637; x_wconf 91' lang='lat' dir='ltr'><strong>et</strong></span> <span class='ocrx_word' id='word_1_53' title='bbox 579 594 625 636; x_wconf 92' lang='lat' dir='ltr'><strong>in</strong></span> <span class='ocrx_word' id='word_1_54' title='bbox 649 593 782 636; x_wconf 85' lang='lat' dir='ltr'><strong>exitu.</strong></span> <span class='ocrx_word' id='word_1_55' title='bbox 831 592 1074 636; x_wconf 78' lang='lat' dir='ltr'><strong>Exorditur</strong></span> <span class='ocrx_word' id='word_1_56' title='bbox 1095 589 1242 636; x_wconf 83' lang='lat' dir='ltr'><strong>autem</strong></span> <span class='ocrx_word' id='word_1_57' title='bbox 1263 592 1444 650; x_wconf 81' lang='lat' dir='ltr'><strong>Megara</strong></span> <span class='ocrx_word' id='word_1_58' title='bbox 1465 593 1520 636; x_wconf 88' lang='lat' dir='ltr'><strong>ab</strong></span> <span class='ocrx_word' id='word_1_59' title='bbox 1543 591 1612 637; x_wconf 92' lang='lat' dir='ltr'><strong>his</strong></span> <span class='ocrx_word' id='word_1_60' title='bbox 1635 592 1835 638; x_wconf 85' lang='lat' dir='ltr'><strong>versibus</strong></span> <span class='ocrx_word' id='word_1_61' title='bbox 1929 586 1933 590; x_wconf 36' lang='lat'>⁵</span> 
     </span>
    </p>

    <p class='ocr_par' dir='ltr' id='par_1_3' title="bbox 498 670 1764 728">
     <span class='ocr_line' id='line_1_7' title="bbox 498 670 1764 728; baseline 0 -13"><span class='ocrx_word' id='word_1_62' title='bbox 498 673 585 715; x_wconf 86' lang='lat'><strong>451</strong></span> <span class='ocrx_word' id='word_1_63' title='bbox 652 675 758 715; x_wconf 78' lang='grc' dir='ltr'><em>εἶεν·</em></span> <span class='ocrx_word' id='word_1_64' title='bbox 792 676 853 721; x_wconf 82' lang='grc' dir='ltr'><strong>τίς</strong></span> <span class='ocrx_word' id='word_1_65' title='bbox 884 670 1038 728; x_wconf 71' lang='grc' dir='ltr'><em>ἱερεύς,</em></span> <span class='ocrx_word' id='word_1_66' title='bbox 1070 676 1131 721; x_wconf 80' lang='grc' dir='ltr'><strong>τίς</strong></span> <span class='ocrx_word' id='word_1_67' title='bbox 1163 671 1357 727; x_wconf 73' lang='grc' dir='ltr'><strong><em>σφαγεὺς</em></strong></span> <span class='ocrx_word' id='word_1_68' title='bbox 1388 673 1474 714; x_wconf 82' lang='grc' dir='ltr'><em>τῶν</em></span> <span class='ocrx_word' id='word_1_69' title='bbox 1506 671 1764 726; x_wconf 82' lang='grc' dir='ltr'><em>δυσπότμων</em></span> 
     </span>
    </p>

    <p class='ocr_par' dir='ltr' id='par_1_4' title="bbox 517 748 1644 808">
     <span class='ocr_line' id='line_1_8' title="bbox 517 748 1644 808; baseline -0.001 -14"><span class='ocrx_word' id='word_1_70' title='bbox 517 776 576 780; x_wconf 84' lang='lat'><strong>--</strong></span> <span class='ocrx_word' id='word_1_71' title='bbox 656 753 679 807; x_wconf 81' lang='grc' dir='ltr'><em>ἢ</em></span> <span class='ocrx_word' id='word_1_72' title='bbox 713 754 783 808; x_wconf 78' lang='grc' dir='ltr'><strong>τῆς</strong></span> <span class='ocrx_word' id='word_1_73' title='bbox 816 754 1019 807; x_wconf 77' lang='grc' dir='ltr'><strong><em>ταλαίνης</em></strong></span> <span class='ocrx_word' id='word_1_74' title='bbox 1051 753 1122 806; x_wconf 78' lang='grc' dir='ltr'><strong>τῆς</strong></span> <span class='ocrx_word' id='word_1_75' title='bbox 1153 752 1255 807; x_wconf 78' lang='grc' dir='ltr'><strong><em>ἐμῆς</em></strong></span> <span class='ocrx_word' id='word_1_76' title='bbox 1287 751 1430 807; x_wconf 75' lang='grc' dir='ltr'><strong><em>ψυχῆς</em></strong></span> <span class='ocrx_word' id='word_1_77' title='bbox 1462 748 1644 808; x_wconf 60' lang='lat' dir='ltr'><strong>‹peveris-3</strong></span> 
     </span>
    </p>

    <p class='ocr_par' dir='ltr' id='par_1_5' title="bbox 653 828 1725 963">
     <span class='ocr_line' id='line_1_9' title="bbox 653 828 1634 884; baseline 0 -13"><span class='ocrx_word' id='word_1_78' title='bbox 653 832 782 884; x_wconf 76' lang='grc' dir='ltr'><em>ἕτοιμ’</em></span> <span class='ocrx_word' id='word_1_79' title='bbox 815 829 938 881; x_wconf 81' lang='grc' dir='ltr'><em>ἄγειν</em></span> <span class='ocrx_word' id='word_1_80' title='bbox 969 828 1021 870; x_wconf 71' lang='grc' dir='ltr'><strong>τὰ</strong></span> <span class='ocrx_word' id='word_1_81' title='bbox 1055 828 1219 883; x_wconf 72' lang='grc' dir='ltr'><strong><em>θύματ’</em></strong></span> <span class='ocrx_word' id='word_1_82' title='bbox 1251 831 1312 877; x_wconf 81' lang='grc' dir='ltr'><em>εἷς</em></span> <span class='ocrx_word' id='word_1_83' title='bbox 1332 828 1486 872; x_wconf 73' lang='grc' dir='ltr'><em>’Λιδου</em></span> <span class='ocrx_word' id='word_1_84' title='bbox 1517 828 1634 871; x_wconf 72' lang='grc' dir='ltr'><em>τάδε.</em></span> 
     </span>
     <span class='ocr_line' id='line_1_10' title="bbox 653 904 1725 963; baseline 0 -13"><span class='ocrx_word' id='word_1_85' title='bbox 653 907 689 950; x_wconf 80' lang='grc' dir='ltr'><em>ὦ</em></span> <span class='ocrx_word' id='word_1_86' title='bbox 720 911 841 959; x_wconf 77' lang='grc' dir='ltr'><em>τέκν’,</em></span> <span class='ocrx_word' id='word_1_87' title='bbox 874 904 1082 962; x_wconf 74' lang='grc' dir='ltr'><em>ἇγόμεθα</em></span> <span class='ocrx_word' id='word_1_88' title='bbox 1115 909 1262 960; x_wconf 84' lang='grc' dir='ltr'><em>ζεῦγος</em></span> <span class='ocrx_word' id='word_1_89' title='bbox 1294 905 1346 950; x_wconf 76' lang='grc' dir='ltr'><strong>οὗ</strong></span> <span class='ocrx_word' id='word_1_90' title='bbox 1377 906 1515 950; x_wconf 79' lang='grc' dir='ltr'><em>καλὸν</em></span> <span class='ocrx_word' id='word_1_91' title='bbox 1546 909 1725 963; x_wconf 79' lang='grc' dir='ltr'><em>νεκρῶν,</em></span> 
     </span>
    </p>

    <p class='ocr_par' dir='ltr' id='par_1_6' title="bbox 137 985 2320 2707">
     <span class='ocr_line' id='line_1_11' title="bbox 501 985 1540 1043; baseline -0.001 -13"><span class='ocrx_word' id='word_1_92' title='bbox 501 987 591 1030; x_wconf 81' lang='lat'><strong>455</strong></span> <span class='ocrx_word' id='word_1_93' title='bbox 653 985 763 1042; x_wconf 82' lang='grc' dir='ltr'><em>ὁμοῦ</em></span> <span class='ocrx_word' id='word_1_94' title='bbox 792 990 989 1042; x_wconf 85' lang='grc' dir='ltr'><em>γέροντες</em></span> <span class='ocrx_word' id='word_1_95' title='bbox 1021 988 1094 1029; x_wconf 82' lang='grc' dir='ltr'><strong>καὶ</strong></span> <span class='ocrx_word' id='word_1_96' title='bbox 1127 990 1216 1030; x_wconf 85' lang='grc' dir='ltr'><em>νέοι</em></span> <span class='ocrx_word' id='word_1_97' title='bbox 1248 988 1320 1029; x_wconf 77' lang='grc' dir='ltr'><strong>καὶ</strong></span> <span class='ocrx_word' id='word_1_98' title='bbox 1350 989 1540 1043; x_wconf 83' lang='grc' dir='ltr'><strong><em>μητέρες.</em></strong></span> 
     </span>
     <span class='ocr_line' id='line_1_12' title="bbox 142 1062 2316 1124; baseline -0.001 -15"><span class='ocrx_word' id='word_1_99' title='bbox 142 1067 195 1109; x_wconf 91' lang='lat' dir='ltr'><strong>In</strong></span> <span class='ocrx_word' id='word_1_100' title='bbox 229 1067 388 1124; x_wconf 89' lang='lat' dir='ltr'><strong>quibus</strong></span> <span class='ocrx_word' id='word_1_101' title='bbox 410 1064 777 1108; x_wconf 85' lang='lat' dir='ltr'><strong>Wilamowitzius</strong></span> <span class='ocrx_word' id='word_1_102' title='bbox 809 1067 899 1107; x_wconf 88' lang='lat' dir='ltr'><strong>vim</strong></span> <span class='ocrx_word' id='word_1_103' title='bbox 932 1065 1153 1122; x_wconf 83' lang='lat' dir='ltr'>propriam</span> <span class='ocrx_word' id='word_1_104' title='bbox 1187 1066 1421 1107; x_wconf 87' lang='lat' dir='ltr'><strong>verborum</strong></span> <span class='ocrx_word' id='word_1_105' title='bbox 1452 1063 1603 1120; x_wconf 74' lang='grc' dir='ltr'><em>ἱερεύς,</em></span> <span class='ocrx_word' id='word_1_106' title='bbox 1638 1062 1884 1122; x_wconf 78' lang='grc' dir='ltr'><strong><em>σφαγεὺς*)</em></strong></span> <span class='ocrx_word' id='word_1_107' title='bbox 1908 1071 1951 1106; x_wconf 92' lang='lat' dir='ltr'><strong>et</strong></span> <span class='ocrx_word' id='word_1_108' title='bbox 1973 1080 2083 1122; x_wconf 90' lang='lat' dir='ltr'><strong>quae</strong></span> <span class='ocrx_word' id='word_1_109' title='bbox 2117 1080 2215 1107; x_wconf 91' lang='lat' dir='ltr'><strong>cum</strong></span> <span class='ocrx_word' id='word_1_110' title='bbox 2246 1064 2316 1107; x_wconf 90' lang='lat' dir='ltr'><strong>his</strong></span> 
     </span>
     <span class='ocr_line' id='line_1_13' title="bbox 144 1142 2316 1202; baseline -0.001 -15"><span class='ocrx_word' id='word_1_111' title='bbox 144 1146 366 1202; x_wconf 83' lang='lat' dir='ltr'>conspirat</span> <span class='ocrx_word' id='word_1_112' title='bbox 399 1159 484 1186; x_wconf 86' lang='lat' dir='ltr'><strong>vox</strong></span> <span class='ocrx_word' id='word_1_113' title='bbox 517 1142 703 1198; x_wconf 75' lang='grc' dir='ltr'><strong><em>θύματα</em></strong></span> <span class='ocrx_word' id='word_1_114' title='bbox 741 1144 876 1200; x_wconf 90' lang='lat' dir='ltr'><strong>probe</strong></span> <span class='ocrx_word' id='word_1_115' title='bbox 910 1143 1138 1200; x_wconf 80' lang='lat' dir='ltr'><strong>explicuit3</strong></span> <span class='ocrx_word' id='word_1_116' title='bbox 1178 1159 1204 1186; x_wconf 89' lang='lat' dir='ltr'><strong>a</strong></span> <span class='ocrx_word' id='word_1_117' title='bbox 1236 1158 1419 1200; x_wconf 91' lang='lat' dir='ltr'><strong>quorum</strong></span> <span class='ocrx_word' id='word_1_118' title='bbox 1458 1144 1645 1199; x_wconf 84' lang='lat' dir='ltr'><strong>figurata</strong></span> <span class='ocrx_word' id='word_1_119' title='bbox 1676 1143 1872 1186; x_wconf 89' lang='lat' dir='ltr'><strong>oratione</strong></span> <span class='ocrx_word' id='word_1_120' title='bbox 1905 1144 2110 1200; x_wconf 89' lang='lat' dir='ltr'><strong>quoniam</strong></span> <span class='ocrx_word' id='word_1_121' title='bbox 2142 1158 2316 1186; x_wconf 87' lang='lat' dir='ltr'><strong>versum</strong></span> 
     </span>
     <span class='ocr_line' id='line_1_14' title="bbox 143 1220 2318 1279; baseline -0.001 -13"><span class='ocrx_word' id='word_1_122' title='bbox 143 1223 337 1267; x_wconf 88' lang='lat' dir='ltr'><strong>medium</strong></span> <span class='ocrx_word' id='word_1_123' title='bbox 371 1223 485 1278; x_wconf 82' lang='grc' dir='ltr'><strong>ἢτῆς</strong></span> <span class='ocrx_word' id='word_1_124' title='bbox 517 1223 722 1278; x_wconf 79' lang='grc' dir='ltr'><em>ταλαίνης</em></span> <span class='ocrx_word' id='word_1_125' title='bbox 754 1222 826 1278; x_wconf 82' lang='grc' dir='ltr'><strong>τῆς</strong></span> <span class='ocrx_word' id='word_1_126' title='bbox 857 1222 960 1278; x_wconf 74' lang='grc' dir='ltr'><strong><em>ἐμῆς</em></strong></span> <span class='ocrx_word' id='word_1_127' title='bbox 982 1223 1124 1279; x_wconf 81' lang='grc' dir='ltr'><strong><em>ψυχῆς</em></strong></span> <span class='ocrx_word' id='word_1_128' title='bbox 1146 1220 1308 1278; x_wconf 74' lang='grc' dir='ltr'><em>φονεύς</em></span> <span class='ocrx_word' id='word_1_129' title='bbox 1340 1220 1572 1265; x_wconf 88' lang='lat' dir='ltr'><strong>abhorrere</strong></span> <span class='ocrx_word' id='word_1_130' title='bbox 1596 1220 1779 1274; x_wconf 90' lang='lat' dir='ltr'><strong>censuit,</strong></span> <span class='ocrx_word' id='word_1_131' title='bbox 1815 1220 1930 1263; x_wconf 91' lang='lat' dir='ltr'><strong>hunc</strong></span> <span class='ocrx_word' id='word_1_132' title='bbox 1953 1236 2042 1264; x_wconf 87' lang='lat' dir='ltr'><strong>non</strong></span> <span class='ocrx_word' id='word_1_133' title='bbox 2075 1236 2171 1264; x_wconf 88' lang='lat' dir='ltr'><strong>esse</strong></span> <span class='ocrx_word' id='word_1_134' title='bbox 2192 1220 2318 1264; x_wconf 84' lang='lat' dir='ltr'><strong>Euri-</strong></span> 
     </span>
     <span class='ocr_line' id='line_1_15' title="bbox 143 1298 2317 1360; baseline -0.001 -15"><span class='ocrx_word' id='word_1_135' title='bbox 143 1302 260 1360; x_wconf 91' lang='lat' dir='ltr'><strong>pidis</strong></span> <span class='ocrx_word' id='word_1_136' title='bbox 284 1301 435 1345; x_wconf 89' lang='lat' dir='ltr'><strong>Paleio</strong></span> <span class='ocrx_word' id='word_1_137' title='bbox 457 1301 704 1344; x_wconf 85' lang='lat' dir='ltr'><strong>assentiens</strong></span> <span class='ocrx_word' id='word_1_138' title='bbox 727 1302 874 1359; x_wconf 91' lang='lat' dir='ltr'><strong>posuit</strong></span> <span class='ocrx_word' id='word_1_139' title='bbox 896 1300 973 1344; x_wconf 91' lang='lat' dir='ltr'><strong>sed</strong></span> <span class='ocrx_word' id='word_1_140' title='bbox 996 1300 1321 1359; x_wconf 80' lang='lat' dir='ltr'><strong>interpolatoris</strong></span> <span class='ocrx_word' id='word_1_141' title='bbox 1355 1300 1538 1344; x_wconf 87' lang='lat' dir='ltr'><strong>consilio</strong></span> <span class='ocrx_word' id='word_1_142' title='bbox 1559 1299 1785 1357; x_wconf 84' lang='lat' dir='ltr'><strong>Megaram</strong></span> <span class='ocrx_word' id='word_1_143' title='bbox 1818 1300 1932 1343; x_wconf 88' lang='lat' dir='ltr'><strong>inter</strong></span> <span class='ocrx_word' id='word_1_144' title='bbox 1953 1298 2136 1356; x_wconf 74' lang='grc' dir='ltr'><strong><em>θύματα</em></strong></span> <span class='ocrx_word' id='word_1_145' title='bbox 2166 1300 2317 1343; x_wconf 88' lang='lat' dir='ltr'><strong>referri</strong></span> 
     </span>
     <span class='ocr_line' id='line_1_16' title="bbox 144 1378 2318 1437; baseline -0 -14"><span class='ocrx_word' id='word_1_146' title='bbox 144 1381 335 1423; x_wconf 86' lang='lat' dir='ltr'><strong>nolentis</strong></span> <span class='ocrx_word' id='word_1_147' title='bbox 369 1380 612 1437; x_wconf 83' lang='lat' dir='ltr'><strong>appictum3</strong></span> <span class='ocrx_word' id='word_1_148' title='bbox 647 1394 733 1435; x_wconf 91' lang='lat' dir='ltr'><strong>quo</strong></span> <span class='ocrx_word' id='word_1_149' title='bbox 757 1379 935 1422; x_wconf 87' lang='lat' dir='ltr'><strong>excluso</strong></span> <span class='ocrx_word' id='word_1_150' title='bbox 959 1380 1201 1422; x_wconf 89' lang='lat' dir='ltr'><strong>orationem</strong></span> <span class='ocrx_word' id='word_1_151' title='bbox 1225 1378 1280 1422; x_wconf 93' lang='lat' dir='ltr'><strong>ad</strong></span> <span class='ocrx_word' id='word_1_152' title='bbox 1303 1395 1425 1422; x_wconf 87' lang='lat' dir='ltr'><strong>suam</strong></span> <span class='ocrx_word' id='word_1_153' title='bbox 1455 1378 1653 1435; x_wconf 83' lang='lat' dir='ltr'><strong>formam,</strong></span> <span class='ocrx_word' id='word_1_154' title='bbox 1688 1379 1764 1422; x_wconf 93' lang='lat' dir='ltr'><strong>illo</strong></span> <span class='ocrx_word' id='word_1_155' title='bbox 1786 1394 1915 1423; x_wconf 87' lang='lat' dir='ltr'><strong>versu</strong></span> <span class='ocrx_word' id='word_1_156' title='bbox 1946 1378 2210 1437; x_wconf 83' lang='lat' dir='ltr'><strong>impediente</strong></span> <span class='ocrx_word' id='word_1_157' title='bbox 2233 1386 2318 1422; x_wconf 86' lang='lat' dir='ltr'><strong>tur-</strong></span> 
     </span>
     <span class='ocr_line' id='line_1_17' title="bbox 144 1454 2319 1513; baseline 0 -13"><span class='ocrx_word' id='word_1_158' title='bbox 144 1459 307 1510; x_wconf 83' lang='lat' dir='ltr'><strong>batam,</strong></span> <span class='ocrx_word' id='word_1_159' title='bbox 343 1457 504 1500; x_wconf 88' lang='lat' dir='ltr'><strong>redire:</strong></span> <span class='ocrx_word' id='word_1_160' title='bbox 539 1456 622 1499; x_wconf 90' lang='lat' dir='ltr'><strong>hoc</strong></span> <span class='ocrx_word' id='word_1_161' title='bbox 656 1456 772 1499; x_wconf 90' lang='lat' dir='ltr'><strong>enim</strong></span> <span class='ocrx_word' id='word_1_162' title='bbox 806 1455 891 1499; x_wconf 92' lang='lat' dir='ltr'><strong>dici</strong></span> <span class='ocrx_word' id='word_1_163' title='bbox 925 1460 986 1506; x_wconf 78' lang='grc' dir='ltr'><strong>τίς</strong></span> <span class='ocrx_word' id='word_1_164' title='bbox 1009 1455 1201 1513; x_wconf 76' lang='grc' dir='ltr'><strong><em>σφαγεὺς</em></strong></span> <span class='ocrx_word' id='word_1_165' title='bbox 1221 1455 1346 1510; x_wconf 80' lang='grc' dir='ltr'><em>ἄγειν</em></span> <span class='ocrx_word' id='word_1_166' title='bbox 1368 1455 1421 1499; x_wconf 79' lang='grc' dir='ltr'><strong>τὰ</strong></span> <span class='ocrx_word' id='word_1_167' title='bbox 1444 1454 1627 1512; x_wconf 73' lang='grc' dir='ltr'><strong><em>θύματα</em></strong></span> <span class='ocrx_word' id='word_1_168' title='bbox 1649 1455 1752 1499; x_wconf 74' lang='grc' dir='ltr'><em>τάδε</em></span> <span class='ocrx_word' id='word_1_169' title='bbox 1784 1459 1933 1512; x_wconf 77' lang='grc' dir='ltr'><em>ἕτοιμα</em></span> <span class='ocrx_word' id='word_1_170' title='bbox 1955 1458 2016 1506; x_wconf 82' lang='grc' dir='ltr'><em>εἷς</em></span> <span class='ocrx_word' id='word_1_171' title='bbox 2038 1456 2205 1510; x_wconf 80' lang='grc' dir='ltr'><em>““Λιδου,·</em></span> <span class='ocrx_word' id='word_1_172' title='bbox 2238 1472 2319 1500; x_wconf 89' lang='lat' dir='ltr'><strong>nec</strong></span> 
     </span>
     <span class='ocr_line' id='line_1_18' title="bbox 145 1531 2318 1593; baseline 0 -15"><span class='ocrx_word' id='word_1_173' title='bbox 145 1535 375 1593; x_wconf 87' lang='lat' dir='ltr'><strong>probabile</strong></span> <span class='ocrx_word' id='word_1_174' title='bbox 409 1550 518 1590; x_wconf 81' lang='lat' dir='ltr'><strong>esse,</strong></span> <span class='ocrx_word' id='word_1_175' title='bbox 554 1534 636 1577; x_wconf 84' lang='lat' dir='ltr'><strong>hoc</strong></span> <span class='ocrx_word' id='word_1_176' title='bbox 668 1533 843 1592; x_wconf 93' lang='lat' dir='ltr'><strong>quidem</strong></span> <span class='ocrx_word' id='word_1_177' title='bbox 872 1534 982 1589; x_wconf 88' lang='lat' dir='ltr'><strong>loco,</strong></span> <span class='ocrx_word' id='word_1_178' title='bbox 1018 1535 1275 1591; x_wconf 81' lang='lat' dir='ltr'><strong>insequente</strong></span> <span class='ocrx_word' id='word_1_179' title='bbox 1297 1534 1556 1592; x_wconf 88' lang='lat' dir='ltr'><strong>praesertim</strong></span> <span class='ocrx_word' id='word_1_180' title='bbox 1577 1531 1799 1591; x_wconf 73' lang='grc' dir='ltr'><em>ἀγόμεθα,</em></span> <span class='ocrx_word' id='word_1_181' title='bbox 1831 1534 2099 1578; x_wconf 90' lang='lat' dir='ltr'><strong>infinitivum</strong></span> <span class='ocrx_word' id='word_1_182' title='bbox 2120 1534 2243 1588; x_wconf 80' lang='grc' dir='ltr'><em>ἄγειν</em></span> <span class='ocrx_word' id='word_1_183' title='bbox 2263 1536 2318 1579; x_wconf 89' lang='lat' dir='ltr'><strong>ab</strong></span> 
     </span>
     <span class='ocr_line' id='line_1_19' title="bbox 144 1612 2319 1671; baseline 0 -15"><span class='ocrx_word' id='word_1_184' title='bbox 144 1618 296 1668; x_wconf 71' lang='grc' dir='ltr'><em>ἕτοιμα</em></span> <span class='ocrx_word' id='word_1_185' title='bbox 327 1612 592 1670; x_wconf 88' lang='lat' dir='ltr'><strong>pendentem</strong></span> <span class='ocrx_word' id='word_1_186' title='bbox 625 1614 816 1670; x_wconf 87' lang='lat' dir='ltr'><strong>positum</strong></span> <span class='ocrx_word' id='word_1_187' title='bbox 849 1629 927 1671; x_wconf 89' lang='lat' dir='ltr'><strong>pro</strong></span> <span class='ocrx_word' id='word_1_188' title='bbox 960 1614 1152 1671; x_wconf 87' lang='lat' dir='ltr'><strong>passivo.</strong></span> <span class='ocrx_word' id='word_1_189' title='bbox 1218 1614 1355 1671; x_wconf 87' lang='lat' dir='ltr'><strong>Atqui</strong></span> <span class='ocrx_word' id='word_1_190' title='bbox 1388 1629 1468 1656; x_wconf 87' lang='lat' dir='ltr'><strong>nos</strong></span> <span class='ocrx_word' id='word_1_191' title='bbox 1501 1614 1688 1670; x_wconf 87' lang='lat' dir='ltr'><strong>primum</strong></span> <span class='ocrx_word' id='word_1_192' title='bbox 1708 1613 1755 1656; x_wconf 92' lang='lat' dir='ltr'><strong>in</strong></span> <span class='ocrx_word' id='word_1_193' title='bbox 1790 1614 2000 1656; x_wconf 85' lang='lat' dir='ltr'><strong>orationis</strong></span> <span class='ocrx_word' id='word_1_194' title='bbox 2032 1614 2174 1657; x_wconf 85' lang='lat' dir='ltr'><strong>forma</strong></span> <span class='ocrx_word' id='word_1_195' title='bbox 2205 1614 2319 1657; x_wconf 86' lang='lat' dir='ltr'><strong>evol-</strong></span> 
     </span>
     <span class='ocr_line' id='line_1_20' title="bbox 143 1690 2319 1749; baseline 0 -14"><span class='ocrx_word' id='word_1_196' title='bbox 143 1692 287 1735; x_wconf 88' lang='lat' dir='ltr'><strong>venda</strong></span> <span class='ocrx_word' id='word_1_197' title='bbox 320 1692 375 1734; x_wconf 89' lang='lat' dir='ltr'><strong>ab</strong></span> <span class='ocrx_word' id='word_1_198' title='bbox 410 1690 697 1734; x_wconf 88' lang='lat' dir='ltr'><strong>eruditissimi</strong></span> <span class='ocrx_word' id='word_1_199' title='bbox 730 1691 814 1734; x_wconf 88' lang='lat' dir='ltr'><strong>viri</strong></span> <span class='ocrx_word' id='word_1_200' title='bbox 847 1691 1010 1735; x_wconf 91' lang='lat' dir='ltr'><strong>iudicio</strong></span> <span class='ocrx_word' id='word_1_201' title='bbox 1045 1691 1329 1746; x_wconf 85' lang='lat' dir='ltr'><strong>discedimus3</strong></span> <span class='ocrx_word' id='word_1_202' title='bbox 1364 1691 1437 1749; x_wconf 91' lang='lat' dir='ltr'><strong>qui</strong></span> <span class='ocrx_word' id='word_1_203' title='bbox 1471 1692 1644 1735; x_wconf 89' lang='lat' dir='ltr'><strong>sublato</strong></span> <span class='ocrx_word' id='word_1_204' title='bbox 1673 1707 1803 1735; x_wconf 89' lang='lat' dir='ltr'><strong>versu</strong></span> <span class='ocrx_word' id='word_1_205' title='bbox 1834 1691 2026 1736; x_wconf 91' lang='lat' dir='ltr'><strong>secundo</strong></span> <span class='ocrx_word' id='word_1_206' title='bbox 2059 1698 2206 1735; x_wconf 88' lang='lat' dir='ltr'><strong>tamen</strong></span> <span class='ocrx_word' id='word_1_207' title='bbox 2239 1690 2319 1735; x_wconf 91' lang='lat' dir='ltr'><strong>has</strong></span> 
     </span>
     <span class='ocr_line' id='line_1_21' title="bbox 146 1769 2317 1828; baseline 0.001 -16"><span class='ocrx_word' id='word_1_208' title='bbox 146 1771 254 1813; x_wconf 86' lang='lat' dir='ltr'><strong>duas</strong></span> <span class='ocrx_word' id='word_1_209' title='bbox 288 1785 385 1813; x_wconf 88' lang='lat' dir='ltr'><strong>esse</strong></span> <span class='ocrx_word' id='word_1_210' title='bbox 419 1770 661 1813; x_wconf 88' lang='lat' dir='ltr'><strong>sententias</strong></span> <span class='ocrx_word' id='word_1_211' title='bbox 685 1769 867 1813; x_wconf 86' lang='lat' dir='ltr'><strong>alteram</strong></span> <span class='ocrx_word' id='word_1_212' title='bbox 901 1770 1026 1813; x_wconf 89' lang='lat' dir='ltr'><strong>alteri</strong></span> <span class='ocrx_word' id='word_1_213' title='bbox 1062 1770 1349 1813; x_wconf 87' lang='lat' dir='ltr'><strong>confirmandi</strong></span> <span class='ocrx_word' id='word_1_214' title='bbox 1371 1770 1620 1828; x_wconf 85' lang='lat' dir='ltr'><strong>explicandi</strong></span> <span class='ocrx_word' id='word_1_215' title='bbox 1644 1785 1776 1814; x_wconf 88' lang='lat' dir='ltr'><strong>causa</strong></span> <span class='ocrx_word' id='word_1_216' title='bbox 1808 1771 2049 1814; x_wconf 89' lang='lat' dir='ltr'><strong>subiectam</strong></span> <span class='ocrx_word' id='word_1_217' title='bbox 2081 1770 2317 1814; x_wconf 87' lang='lat' dir='ltr'><strong>malumus:</strong></span> 
     </span>
     <span class='ocr_line' id='line_1_22' title="bbox 137 1845 2318 1913; baseline 0 -23"><span class='ocrx_word' id='word_1_218' title='bbox 137 1849 254 1905; x_wconf 89' lang='lat' dir='ltr'><strong>‘quis</strong></span> <span class='ocrx_word' id='word_1_219' title='bbox 288 1854 519 1890; x_wconf 84' lang='lat' dir='ltr'><strong>mactator:</strong></span> <span class='ocrx_word' id='word_1_220' title='bbox 555 1856 732 1904; x_wconf 87' lang='lat' dir='ltr'><strong>paratae</strong></span> <span class='ocrx_word' id='word_1_221' title='bbox 755 1845 912 1903; x_wconf 90' lang='lat' dir='ltr'><strong>(enim)</strong></span> <span class='ocrx_word' id='word_1_222' title='bbox 935 1855 1037 1913; x_wconf 83' lang='lat' dir='ltr'><strong>sunt</strong></span> <span class='ocrx_word' id='word_1_223' title='bbox 1069 1848 1139 1890; x_wconf 89' lang='lat' dir='ltr'><strong>hic</strong></span> <span class='ocrx_word' id='word_1_224' title='bbox 1171 1847 1339 1891; x_wconf 87' lang='lat' dir='ltr'><strong>hostiae</strong></span> <span class='ocrx_word' id='word_1_225' title='bbox 1362 1863 1474 1905; x_wconf 90' lang='lat' dir='ltr'><strong>quae</strong></span> <span class='ocrx_word' id='word_1_226' title='bbox 1508 1848 1720 1891; x_wconf 87' lang='lat' dir='ltr'><strong>ducantur</strong></span> <span class='ocrx_word' id='word_1_227' title='bbox 1752 1848 1798 1891; x_wconf 91' lang='lat' dir='ltr'><strong>in</strong></span> <span class='ocrx_word' id='word_1_228' title='bbox 1821 1846 2023 1893; x_wconf 84' lang='lat' dir='ltr'><strong>Orcum.&#39;</strong></span> <span class='ocrx_word' id='word_1_229' title='bbox 2074 1847 2174 1903; x_wconf 80' lang='lat' dir='ltr'><strong>Qua</strong></span> <span class='ocrx_word' id='word_1_230' title='bbox 2195 1849 2241 1891; x_wconf 90' lang='lat' dir='ltr'><strong>in</strong></span> <span class='ocrx_word' id='word_1_231' title='bbox 2273 1864 2318 1891; x_wconf 91' lang='lat' dir='ltr'><strong>re</strong></span> 
     </span>
     <span class='ocr_line' id='line_1_23' title="bbox 145 1925 2318 1984; baseline 0 -15"><span class='ocrx_word' id='word_1_232' title='bbox 145 1943 244 1969; x_wconf 89' lang='lat' dir='ltr'><strong>cum</strong></span> <span class='ocrx_word' id='word_1_233' title='bbox 276 1927 412 1969; x_wconf 85' lang='lat' dir='ltr'><strong>verba</strong></span> <span class='ocrx_word' id='word_1_234' title='bbox 443 1927 540 1983; x_wconf 88' lang='lat' dir='ltr'><strong>ipsa</strong></span> <span class='ocrx_word' id='word_1_235' title='bbox 573 1929 724 1982; x_wconf 76' lang='grc' dir='ltr'><em>ἕτοιμα</em></span> <span class='ocrx_word' id='word_1_236' title='bbox 757 1932 801 1968; x_wconf 84' lang='lat' dir='ltr'><strong>et</strong></span> <span class='ocrx_word' id='word_1_237' title='bbox 833 1925 936 1968; x_wconf 77' lang='grc' dir='ltr'><em>τάδε</em></span> <span class='ocrx_word' id='word_1_238' title='bbox 969 1926 1081 1968; x_wconf 89' lang='lat' dir='ltr'><strong>hanc</strong></span> <span class='ocrx_word' id='word_1_239' title='bbox 1113 1926 1254 1982; x_wconf 87' lang='lat' dir='ltr'><strong>magis</strong></span> <span class='ocrx_word' id='word_1_240' title='bbox 1288 1927 1534 1969; x_wconf 87' lang='lat' dir='ltr'><strong>iuncturam</strong></span> <span class='ocrx_word' id='word_1_241' title='bbox 1566 1927 1759 1984; x_wconf 89' lang='lat' dir='ltr'><strong>recipere</strong></span> <span class='ocrx_word' id='word_1_242' title='bbox 1798 1927 2045 1983; x_wconf 86' lang='lat' dir='ltr'><strong>videantur,</strong></span> <span class='ocrx_word' id='word_1_243' title='bbox 2085 1934 2178 1970; x_wconf 86' lang='lat' dir='ltr'><strong>tum</strong></span> <span class='ocrx_word' id='word_1_244' title='bbox 2210 1927 2318 1970; x_wconf 87' lang='lat' dir='ltr'><strong>illud</strong></span> 
     </span>
     <span class='ocr_line' id='line_1_24' title="bbox 143 2003 2320 2063; baseline 0 -16"><span class='ocrx_word' id='word_1_245' title='bbox 143 2021 224 2048; x_wconf 92' lang='lat' dir='ltr'><strong>nos</strong></span> <span class='ocrx_word' id='word_1_246' title='bbox 259 2013 417 2060; x_wconf 88' lang='lat' dir='ltr'><strong>movet,</strong></span> <span class='ocrx_word' id='word_1_247' title='bbox 453 2005 568 2062; x_wconf 94' lang='lat' dir='ltr'><strong>quod</strong></span> <span class='ocrx_word' id='word_1_248' title='bbox 602 2004 737 2059; x_wconf 76' lang='grc' dir='ltr'><em>ἱερεὺς</em></span> <span class='ocrx_word' id='word_1_249' title='bbox 770 2005 839 2047; x_wconf 90' lang='lat' dir='ltr'><strong>vel</strong></span> <span class='ocrx_word' id='word_1_250' title='bbox 873 2004 1065 2061; x_wconf 83' lang='grc' dir='ltr'><strong><em>σφαγεὺς</em></strong></span> <span class='ocrx_word' id='word_1_251' title='bbox 1096 2004 1243 2057; x_wconf 83' lang='grc' dir='ltr'><em>ἄγειν</em></span> <span class='ocrx_word' id='word_1_252' title='bbox 1274 2004 1328 2047; x_wconf 83' lang='grc' dir='ltr'><strong>τὰ</strong></span> <span class='ocrx_word' id='word_1_253' title='bbox 1350 2003 1533 2059; x_wconf 75' lang='grc' dir='ltr'><strong><em>θύματα</em></strong></span> <span class='ocrx_word' id='word_1_254' title='bbox 1565 2006 1738 2062; x_wconf 86' lang='lat' dir='ltr'><strong>proprie</strong></span> <span class='ocrx_word' id='word_1_255' title='bbox 1762 2005 1848 2048; x_wconf 92' lang='lat' dir='ltr'><strong>dici</strong></span> <span class='ocrx_word' id='word_1_256' title='bbox 1871 2021 1958 2048; x_wconf 92' lang='lat' dir='ltr'><strong>non</strong></span> <span class='ocrx_word' id='word_1_257' title='bbox 1992 2006 2143 2062; x_wconf 86' lang='lat' dir='ltr'><strong>potuit,</strong></span> <span class='ocrx_word' id='word_1_258' title='bbox 2177 2006 2320 2063; x_wconf 89' lang='lat' dir='ltr'><strong>potuit</strong></span> 
     </span>
     <span class='ocr_line' id='line_1_25' title="bbox 144 2080 2320 2143; baseline 0 -17"><span class='ocrx_word' id='word_1_259' title='bbox 144 2082 342 2139; x_wconf 78' lang='grc' dir='ltr'><em>σφάζειν,</em></span> <span class='ocrx_word' id='word_1_260' title='bbox 374 2080 602 2138; x_wconf 74' lang='grc' dir='ltr'><em>θύειν**),·</em></span> <span class='ocrx_word' id='word_1_261' title='bbox 637 2083 853 2140; x_wconf 85' lang='lat' dir='ltr'><strong>dirempta</strong></span> <span class='ocrx_word' id='word_1_262' title='bbox 873 2089 1018 2126; x_wconf 88' lang='lat' dir='ltr'><strong>autem</strong></span> <span class='ocrx_word' id='word_1_263' title='bbox 1042 2084 1261 2126; x_wconf 83' lang='lat' dir='ltr'><strong>sententia</strong></span> <span class='ocrx_word' id='word_1_264' title='bbox 1283 2084 1327 2126; x_wconf 91' lang='lat' dir='ltr'><strong>in</strong></span> <span class='ocrx_word' id='word_1_265' title='bbox 1350 2090 1496 2141; x_wconf 87' lang='lat' dir='ltr'><strong>partes</strong></span> <span class='ocrx_word' id='word_1_266' title='bbox 1521 2083 1641 2140; x_wconf 89' lang='lat' dir='ltr'><strong>duas,</strong></span> <span class='ocrx_word' id='word_1_267' title='bbox 1678 2099 1775 2128; x_wconf 90' lang='lat' dir='ltr'><strong>cum</strong></span> <span class='ocrx_word' id='word_1_268' title='bbox 1798 2083 1981 2141; x_wconf 71' lang='grc' dir='ltr'><strong><em>θύματα</em></strong></span> <span class='ocrx_word' id='word_1_269' title='bbox 2012 2091 2059 2127; x_wconf 88' lang='lat' dir='ltr'><strong>ut</strong></span> <span class='ocrx_word' id='word_1_270' title='bbox 2091 2084 2320 2143; x_wconf 86' lang='lat' dir='ltr'><strong>oportebat</strong></span> 
     </span>
     <span class='ocr_line' id='line_1_26' title="bbox 143 2160 2318 2220; baseline -0 -14"><span class='ocrx_word' id='word_1_271' title='bbox 143 2162 371 2206; x_wconf 91' lang='lat' dir='ltr'><strong>inductum</strong></span> <span class='ocrx_word' id='word_1_272' title='bbox 405 2162 616 2206; x_wconf 87' lang='lat' dir='ltr'><strong>orationis</strong></span> <span class='ocrx_word' id='word_1_273' title='bbox 650 2161 840 2205; x_wconf 88' lang='lat' dir='ltr'><strong>colorem</strong></span> <span class='ocrx_word' id='word_1_274' title='bbox 872 2161 1070 2218; x_wconf 83' lang='lat' dir='ltr'><strong>retineat,</strong></span> <span class='ocrx_word' id='word_1_275' title='bbox 1105 2161 1274 2220; x_wconf 87' lang='lat' dir='ltr'><strong>reliqua</strong></span> <span class='ocrx_word' id='word_1_276' title='bbox 1305 2160 1428 2216; x_wconf 82' lang='grc' dir='ltr'><em>ἄγειν</em></span> <span class='ocrx_word' id='word_1_277' title='bbox 1460 2164 1520 2213; x_wconf 76' lang='grc' dir='ltr'><em>εἷς</em></span> <span class='ocrx_word' id='word_1_278' title='bbox 1542 2161 1695 2206; x_wconf 81' lang='grc' dir='ltr'><em>’Ἁιδου</em></span> <span class='ocrx_word' id='word_1_279' title='bbox 1727 2163 1814 2207; x_wconf 90' lang='lat' dir='ltr'><strong>iam</strong></span> <span class='ocrx_word' id='word_1_280' title='bbox 1846 2162 2050 2208; x_wconf 89' lang='lat' dir='ltr'><strong>liberiore</strong></span> <span class='ocrx_word' id='word_1_281' title='bbox 2083 2162 2212 2206; x_wconf 91' lang='lat' dir='ltr'><strong>modo</strong></span> <span class='ocrx_word' id='word_1_282' title='bbox 2245 2162 2318 2206; x_wconf 87' lang='lat' dir='ltr'><strong>ad-</strong></span> 
     </span>
     <span class='ocr_line' id='line_1_27' title="bbox 143 2240 2319 2300; baseline 0.001 -16"><span class='ocrx_word' id='word_1_283' title='bbox 143 2243 259 2285; x_wconf 89' lang='lat' dir='ltr'><strong>necti</strong></span> <span class='ocrx_word' id='word_1_284' title='bbox 288 2242 409 2285; x_wconf 89' lang='lat' dir='ltr'><strong>nullo</strong></span> <span class='ocrx_word' id='word_1_285' title='bbox 431 2240 709 2286; x_wconf 90' lang='lat' dir='ltr'><strong>incommodo</strong></span> <span class='ocrx_word' id='word_1_286' title='bbox 732 2247 946 2298; x_wconf 86' lang='lat' dir='ltr'><strong>poterant.</strong></span> <span class='ocrx_word' id='word_1_287' title='bbox 995 2240 1270 2284; x_wconf 86' lang='lat' dir='ltr'><strong>Infinitivum</strong></span> <span class='ocrx_word' id='word_1_288' title='bbox 1292 2247 1437 2284; x_wconf 89' lang='lat' dir='ltr'><strong>autem</strong></span> <span class='ocrx_word' id='word_1_289' title='bbox 1460 2242 1664 2298; x_wconf 86' lang='lat' dir='ltr'><strong>activum,</strong></span> <span class='ocrx_word' id='word_1_290' title='bbox 1702 2242 1775 2286; x_wconf 87' lang='lat' dir='ltr'><strong>ubi</strong></span> <span class='ocrx_word' id='word_1_291' title='bbox 1798 2243 2019 2300; x_wconf 84' lang='lat' dir='ltr'><strong>passivam</strong></span> <span class='ocrx_word' id='word_1_292' title='bbox 2039 2242 2225 2286; x_wconf 87' lang='lat' dir='ltr'><strong>formam</strong></span> <span class='ocrx_word' id='word_1_293' title='bbox 2247 2257 2319 2286; x_wconf 86' lang='lat' dir='ltr'><strong>ex·</strong></span> 
     </span>
     <span class='ocr_line' id='line_1_28' title="bbox 145 2317 2317 2380; baseline 0 -16"><span class='ocrx_word' id='word_1_294' title='bbox 145 2321 426 2378; x_wconf 87' lang='lat' dir='ltr'><strong>spectaveris,</strong></span> <span class='ocrx_word' id='word_1_295' title='bbox 447 2319 812 2365; x_wconf 87' lang='lat' dir='ltr'><strong>Wilamowitzius</strong></span> <span class='ocrx_word' id='word_1_296' title='bbox 835 2319 929 2377; x_wconf 90' lang='lat' dir='ltr'><strong>ipse</strong></span> <span class='ocrx_word' id='word_1_297' title='bbox 948 2317 1104 2362; x_wconf 86' lang='lat' dir='ltr'><strong>Graeci</strong></span> <span class='ocrx_word' id='word_1_298' title='bbox 1129 2319 1343 2362; x_wconf 85' lang='lat' dir='ltr'><strong>sermonis</strong></span> <span class='ocrx_word' id='word_1_299' title='bbox 1368 2334 1448 2363; x_wconf 90' lang='lat' dir='ltr'><strong>usu</strong></span> <span class='ocrx_word' id='word_1_300' title='bbox 1471 2320 1540 2363; x_wconf 89' lang='lat' dir='ltr'><strong>vel</strong></span> <span class='ocrx_word' id='word_1_301' title='bbox 1561 2320 1751 2364; x_wconf 86' lang='lat' dir='ltr'><strong>maxime</strong></span> <span class='ocrx_word' id='word_1_302' title='bbox 1775 2321 2050 2380; x_wconf 86' lang='lat' dir='ltr'><strong>comprobari</strong></span> <span class='ocrx_word' id='word_1_303' title='bbox 2072 2320 2317 2377; x_wconf 84' lang='lat' dir='ltr'><strong>admonuit3</strong></span> 
     </span>
     <span class='ocr_line' id='line_1_29' title="bbox 145 2395 2316 2457; baseline 0 -15"><span class='ocrx_word' id='word_1_304' title='bbox 145 2408 187 2442; x_wconf 86' lang='lat' dir='ltr'><strong>et</strong></span> <span class='ocrx_word' id='word_1_305' title='bbox 221 2398 337 2457; x_wconf 90' lang='lat' dir='ltr'><strong>quod</strong></span> <span class='ocrx_word' id='word_1_306' title='bbox 371 2399 578 2457; x_wconf 85' lang='lat' dir='ltr'><strong>deinceps</strong></span> <span class='ocrx_word' id='word_1_307' title='bbox 612 2398 810 2457; x_wconf 88' lang='lat' dir='ltr'><strong>sequitur</strong></span> <span class='ocrx_word' id='word_1_308' title='bbox 839 2395 1063 2454; x_wconf 72' lang='grc' dir='ltr'><em>ἀγόμεθα,</em></span> <span class='ocrx_word' id='word_1_309' title='bbox 1097 2397 1174 2440; x_wconf 92' lang='lat' dir='ltr'><strong>sed</strong></span> <span class='ocrx_word' id='word_1_310' title='bbox 1206 2397 1252 2439; x_wconf 92' lang='lat' dir='ltr'><strong>in</strong></span> <span class='ocrx_word' id='word_1_311' title='bbox 1286 2397 1505 2440; x_wconf 87' lang='lat' dir='ltr'><strong>sententia</strong></span> <span class='ocrx_word' id='word_1_312' title='bbox 1526 2413 1642 2440; x_wconf 88' lang='lat' dir='ltr'><strong>nova</strong></span> <span class='ocrx_word' id='word_1_313' title='bbox 1664 2405 1707 2440; x_wconf 89' lang='lat' dir='ltr'><strong>et</strong></span> <span class='ocrx_word' id='word_1_314' title='bbox 1728 2414 1843 2441; x_wconf 85' lang='lat' dir='ltr'><strong>nova</strong></span> <span class='ocrx_word' id='word_1_315' title='bbox 1874 2399 2065 2457; x_wconf 85' lang='lat' dir='ltr'><strong>imagine</strong></span> <span class='ocrx_word' id='word_1_316' title='bbox 2097 2414 2316 2457; x_wconf 86' lang='lat' dir='ltr'><strong>expressa,</strong></span> 
     </span>
     <span class='ocr_line' id='line_1_30' title="bbox 145 2475 2316 2535; baseline 0.001 -16"><span class='ocrx_word' id='word_1_317' title='bbox 145 2482 409 2535; x_wconf 77' lang='lat' dir='ltr'><strong>quamquam</strong></span> <span class='ocrx_word' id='word_1_318' title='bbox 449 2478 519 2520; x_wconf 89' lang='lat' dir='ltr'><strong>vel</strong></span> <span class='ocrx_word' id='word_1_319' title='bbox 559 2479 623 2520; x_wconf 89' lang='lat' dir='ltr'><strong>sic</strong></span> <span class='ocrx_word' id='word_1_320' title='bbox 661 2484 792 2519; x_wconf 89' lang='lat' dir='ltr'><strong>tenue</strong></span> <span class='ocrx_word' id='word_1_321' title='bbox 831 2476 1049 2534; x_wconf 87' lang='lat' dir='ltr'><strong>quoddam</strong></span> <span class='ocrx_word' id='word_1_322' title='bbox 1089 2476 1212 2518; x_wconf 88' lang='lat' dir='ltr'><strong>filum</strong></span> <span class='ocrx_word' id='word_1_323' title='bbox 1251 2477 1306 2519; x_wconf 87' lang='lat' dir='ltr'><strong>ab</strong></span> <span class='ocrx_word' id='word_1_324' title='bbox 1345 2476 1469 2528; x_wconf 83' lang='grc' dir='ltr'><em>ἄγειν</em></span> <span class='ocrx_word' id='word_1_325' title='bbox 1501 2477 1555 2519; x_wconf 89' lang='lat' dir='ltr'><strong>ad</strong></span> <span class='ocrx_word' id='word_1_326' title='bbox 1589 2475 1797 2534; x_wconf 73' lang='grc' dir='ltr'><em>ἀγόμεθα</em></span> <span class='ocrx_word' id='word_1_327' title='bbox 1829 2478 1929 2521; x_wconf 91' lang='lat' dir='ltr'><strong>duci</strong></span> <span class='ocrx_word' id='word_1_328' title='bbox 1972 2494 2057 2521; x_wconf 89' lang='lat' dir='ltr'><strong>non</strong></span> <span class='ocrx_word' id='word_1_329' title='bbox 2092 2494 2316 2534; x_wconf 84' lang='lat' dir='ltr'><strong>negamuS,</strong></span> 
     </span>
     <span class='ocr_line' id='line_1_31' title="bbox 144 2553 2319 2613; baseline 0 -16"><span class='ocrx_word' id='word_1_330' title='bbox 144 2565 292 2598; x_wconf 86' lang='lat' dir='ltr'><strong>tamen</strong></span> <span class='ocrx_word' id='word_1_331' title='bbox 326 2555 407 2598; x_wconf 94' lang='lat' dir='ltr'><strong>hoc</strong></span> <span class='ocrx_word' id='word_1_332' title='bbox 430 2554 536 2611; x_wconf 90' lang='lat' dir='ltr'><strong>quid</strong></span> <span class='ocrx_word' id='word_1_333' title='bbox 557 2555 622 2597; x_wconf 89' lang='lat' dir='ltr'><strong>illi</strong></span> <span class='ocrx_word' id='word_1_334' title='bbox 645 2555 762 2598; x_wconf 89' lang='lat' dir='ltr'><strong>obsit</strong></span> <span class='ocrx_word' id='word_1_335' title='bbox 785 2570 912 2611; x_wconf 88' lang='lat' dir='ltr'><strong>quam</strong></span> <span class='ocrx_word' id='word_1_336' title='bbox 936 2553 1223 2611; x_wconf 88' lang='lat' dir='ltr'><strong>praeferimus</strong></span> <span class='ocrx_word' id='word_1_337' title='bbox 1257 2554 1444 2596; x_wconf 85' lang='lat' dir='ltr'><strong>orationi</strong></span> <span class='ocrx_word' id='word_1_338' title='bbox 1466 2569 1595 2611; x_wconf 87' lang='lat' dir='ltr'><strong>aegre</strong></span> <span class='ocrx_word' id='word_1_339' title='bbox 1618 2555 1887 2613; x_wconf 88' lang='lat' dir='ltr'><strong>dispicimus.</strong></span> <span class='ocrx_word' id='word_1_340' title='bbox 1936 2556 2090 2613; x_wconf 89' lang='lat' dir='ltr'><strong>Itaque</strong></span> <span class='ocrx_word' id='word_1_341' title='bbox 2114 2555 2167 2598; x_wconf 88' lang='lat' dir='ltr'><strong>de</strong></span> <span class='ocrx_word' id='word_1_342' title='bbox 2189 2570 2319 2599; x_wconf 86' lang='lat' dir='ltr'><strong>versu</strong></span> 
     </span>
     <span class='ocr_line' id='line_1_32' title="bbox 145 2631 2320 2707; baseline 0 -31"><span class='ocrx_word' id='word_1_343' title='bbox 145 2634 189 2676; x_wconf 92' lang='lat' dir='ltr'><strong>in</strong></span> <span class='ocrx_word' id='word_1_344' title='bbox 232 2633 526 2691; x_wconf 88' lang='lat' dir='ltr'><strong>suspicionem</strong></span> <span class='ocrx_word' id='word_1_345' title='bbox 558 2640 714 2676; x_wconf 84' lang='lat' dir='ltr'><strong>vocato</strong></span> <span class='ocrx_word' id='word_1_346' title='bbox 748 2647 944 2676; x_wconf 89' lang='lat' dir='ltr'><strong>seorsum</strong></span> <span class='ocrx_word' id='word_1_347' title='bbox 978 2631 1195 2689; x_wconf 86' lang='lat' dir='ltr'><strong>agendum</strong></span> <span class='ocrx_word' id='word_1_348' title='bbox 1228 2638 1306 2687; x_wconf 89' lang='lat' dir='ltr'><strong>est,</strong></span> <span class='ocrx_word' id='word_1_349' title='bbox 1352 2632 1558 2690; x_wconf 89' lang='lat' dir='ltr'><strong>quoniam</strong></span> <span class='ocrx_word' id='word_1_350' title='bbox 1589 2633 1628 2677; x_wconf 90' lang='lat' dir='ltr'><strong>is</strong></span> <span class='ocrx_word' id='word_1_351' title='bbox 1660 2634 1754 2678; x_wconf 90' lang='lat' dir='ltr'><strong>sive</strong></span> <span class='ocrx_word' id='word_1_352' title='bbox 1786 2633 1913 2678; x_wconf 90' lang='lat' dir='ltr'><strong>adest</strong></span> <span class='ocrx_word' id='word_1_353' title='bbox 1944 2633 2036 2678; x_wconf 89' lang='lat' dir='ltr'><strong>sive</strong></span> <span class='ocrx_word' id='word_1_354' title='bbox 2056 2633 2193 2707; x_wconf 32' lang='lat' dir='ltr'><strong>‘deest</strong></span> <span class='ocrx_word' id='word_1_355' title='bbox 2225 2649 2320 2677; x_wconf 87' lang='lat' dir='ltr'><strong>ora-</strong></span> 
     </span>
    </p>
   </div>
   <div class='ocr_carea' id='block_1_3' title="bbox 142 2815 1654 3393">
    <p class='ocr_par' dir='ltr' id='par_1_7' title="bbox 142 2815 1654 3393">
     <span class='ocr_line' id='line_1_33' title="bbox 380 2815 788 2861; baseline -0.002 -10"><span class='ocrx_word' id='word_1_356' title='bbox 380 2818 414 2859; x_wconf 83' lang='lat'><strong>*)</strong></span> <span class='ocrx_word' id='word_1_357' title='bbox 444 2815 569 2861; x_wconf 87' lang='lat' dir='ltr'><strong>Iphig.</strong></span> <span class='ocrx_word' id='word_1_358' title='bbox 587 2816 699 2851; x_wconf 91' lang='lat' dir='ltr'><strong>Taur.</strong></span> <span class='ocrx_word' id='word_1_359' title='bbox 718 2815 788 2851; x_wconf 78' lang='lat'><strong>359</strong></span> 
     </span>
     <span class='ocr_line' id='line_1_34' title="bbox 824 2878 1654 2932; baseline 0.001 -15"><span class='ocrx_word' id='word_1_360' title='bbox 824 2878 866 2917; x_wconf 77' lang='grc' dir='ltr'><strong>οὗ</strong></span> <span class='ocrx_word' id='word_1_361' title='bbox 890 2885 929 2929; x_wconf 82' lang='grc' dir='ltr'><strong>μ’</strong></span> <span class='ocrx_word' id='word_1_362' title='bbox 948 2880 1033 2916; x_wconf 71' lang='grc' dir='ltr'><em>ὥστε</em></span> <span class='ocrx_word' id='word_1_363' title='bbox 1057 2878 1199 2929; x_wconf 82' lang='grc' dir='ltr'><em>μόσχον</em></span> <span class='ocrx_word' id='word_1_364' title='bbox 1224 2882 1401 2916; x_wconf 70' lang='grc' dir='ltr'><strong>Δαναΐδαι</strong></span> <span class='ocrx_word' id='word_1_365' title='bbox 1422 2879 1654 2932; x_wconf 78' lang='grc' dir='ltr'><em>χειρούμενοι</em></span> 
     </span>
     <span class='ocr_line' id='line_1_35' title="bbox 822 2945 1642 2997; baseline 0.001 -15"><span class='ocrx_word' id='word_1_366' title='bbox 822 2950 986 2993; x_wconf 67' lang='grc' dir='ltr'><em>ἴσᾳαζον,</em></span> <span class='ocrx_word' id='word_1_367' title='bbox 1014 2947 1125 2994; x_wconf 74' lang='grc' dir='ltr'><em>ἱερεὺς</em></span> <span class='ocrx_word' id='word_1_368' title='bbox 1150 2949 1185 2981; x_wconf 72' lang='grc' dir='ltr'><strong>δ”</strong></span> <span class='ocrx_word' id='word_1_369' title='bbox 1204 2945 1246 2990; x_wconf 78' lang='grc' dir='ltr'><em>ἦν</em></span> <span class='ocrx_word' id='word_1_370' title='bbox 1271 2948 1289 2982; x_wconf 82' lang='grc' dir='ltr'><em>ὃ</em></span> <span class='ocrx_word' id='word_1_371' title='bbox 1317 2946 1490 2994; x_wconf 71' lang='grc' dir='ltr'><em>γεννήσας</em></span> <span class='ocrx_word' id='word_1_372' title='bbox 1515 2947 1642 2997; x_wconf 70' lang='grc' dir='ltr'><strong><em>πατήρ.</em></strong></span> 
     </span>
     <span class='ocr_line' id='line_1_36' title="bbox 142 3016 460 3051; baseline 0.003 -1"><span class='ocrx_word' id='word_1_373' title='bbox 142 3016 237 3051; x_wconf 85' lang='lat' dir='ltr'><strong>Ibid.</strong></span> <span class='ocrx_word' id='word_1_374' title='bbox 256 3016 460 3051; x_wconf 74' lang='grc'><strong>617-624.</strong></span> 
     </span>
     <span class='ocr_line' id='line_1_37' title="bbox 361 3079 1124 3128; baseline 0.001 -11"><span class='ocrx_word' id='word_1_375' title='bbox 361 3079 420 3127; x_wconf 80' lang='lat'><strong>**)</strong></span> <span class='ocrx_word' id='word_1_376' title='bbox 447 3080 491 3117; x_wconf 91' lang='lat' dir='ltr'><strong>In</strong></span> <span class='ocrx_word' id='word_1_377' title='bbox 518 3080 659 3118; x_wconf 35' lang='lat' dir='ltr'><strong>Alcest.</strong></span> <span class='ocrx_word' id='word_1_378' title='bbox 680 3079 727 3116; x_wconf 83' lang='lat'><strong>24</strong></span> <span class='ocrx_word' id='word_1_379' title='bbox 745 3091 798 3126; x_wconf 85' lang='lat' dir='ltr'><strong>sq.</strong></span> <span class='ocrx_word' id='word_1_380' title='bbox 825 3091 917 3126; x_wconf 86' lang='lat' dir='ltr'><strong>qnae</strong></span> <span class='ocrx_word' id='word_1_381' title='bbox 942 3080 1124 3128; x_wconf 79' lang='lat' dir='ltr'><strong>leguntur</strong></span> 
     </span>
     <span class='ocr_line' id='line_1_38' title="bbox 824 3146 1569 3194; baseline 0.001 -12"><span class='ocrx_word' id='word_1_382' title='bbox 824 3147 887 3190; x_wconf 78' lang='grc' dir='ltr'><strong>ἤδη</strong></span> <span class='ocrx_word' id='word_1_383' title='bbox 913 3149 951 3183; x_wconf 72' lang='grc' dir='ltr'><strong>δὲ</strong></span> <span class='ocrx_word' id='word_1_384' title='bbox 978 3147 1080 3183; x_wconf 74' lang='grc' dir='ltr'><em>τόνδε</em></span> <span class='ocrx_word' id='word_1_385' title='bbox 1107 3146 1275 3183; x_wconf 76' lang='grc' dir='ltr'><em>Θάνατον</em></span> <span class='ocrx_word' id='word_1_386' title='bbox 1300 3150 1425 3194; x_wconf 80' lang='grc' dir='ltr'><em>εἰσορῶ</em></span> <span class='ocrx_word' id='word_1_387' title='bbox 1452 3151 1569 3191; x_wconf 76' lang='grc' dir='ltr'><strong><em>πέλας,</em></strong></span> 
     </span>
     <span class='ocr_line' id='line_1_39' title="bbox 823 3211 1644 3265; baseline 0.004 -15"><span class='ocrx_word' id='word_1_388' title='bbox 823 3212 899 3262; x_wconf 73' lang='grc' dir='ltr'><strong>ἱερῆ</strong></span> <span class='ocrx_word' id='word_1_389' title='bbox 923 3211 1125 3259; x_wconf 77' lang='grc' dir='ltr'><em>θανόντων,</em></span> <span class='ocrx_word' id='word_1_390' title='bbox 1153 3213 1192 3257; x_wconf 81' lang='grc' dir='ltr'><strong>ὅς</strong></span> <span class='ocrx_word' id='word_1_391' title='bbox 1218 3229 1276 3251; x_wconf 90' lang='grc' dir='ltr'><strong>νιν</strong></span> <span class='ocrx_word' id='word_1_392' title='bbox 1302 3217 1349 3257; x_wconf 75' lang='grc' dir='ltr'><em>εἷς</em></span> <span class='ocrx_word' id='word_1_393' title='bbox 1367 3215 1484 3253; x_wconf 69' lang='grc' dir='ltr'><em>Ἅιδου</em></span> <span class='ocrx_word' id='word_1_394' title='bbox 1510 3214 1644 3265; x_wconf 74' lang='grc' dir='ltr'><em>δόμους</em></span> 
     </span>
     <span class='ocr_line' id='line_1_40' title="bbox 822 3278 1135 3329; baseline 0.003 -12"><span class='ocrx_word' id='word_1_395' title='bbox 822 3282 943 3329; x_wconf 74' lang='grc' dir='ltr'><em>μέλλει</em></span> <span class='ocrx_word' id='word_1_396' title='bbox 969 3278 1135 3324; x_wconf 74' lang='grc' dir='ltr'><em>κατάξειν</em></span> 
     </span>
     <span class='ocr_line' id='line_1_41' title="bbox 142 3346 679 3393; baseline -0.002 -10"><span class='ocrx_word' id='word_1_397' title='bbox 142 3358 216 3384; x_wconf 87' lang='lat' dir='ltr'><strong>non</strong></span> <span class='ocrx_word' id='word_1_398' title='bbox 245 3346 423 3384; x_wconf 85' lang='lat' dir='ltr'><strong>videntur</strong></span> <span class='ocrx_word' id='word_1_399' title='bbox 452 3357 679 3393; x_wconf 74' lang='lat' dir='ltr'><strong>repugnare.</strong></span> 
     </span>
    </p>
   </div>
  </div>
 </body>
</html>
