2478 3489
1215 130 1272 173 15

550 254 552 256 ·
589 247 703 292 1231
753 263 824 294 ω».
871 251 918 292 ιι.
941 246 1054 305 δῆτά
1080 264 1166 305 μου
1196 250 1315 305 κρᾶτ’
1346 231 1634 306 avi-„amm
1666 248 1791 307 quq»,-

750 339 828 371 ΘΗ.
873 331 914 369 τί
943 326 1001 381 6⁹3
1034 323 1088 370 οὗ
1117 319 1302 383 μιαίνεις
1333 326 1495 385 θνητὸς
1527 329 1589 372 ὧν
1618 345 1673 371 τα
1704 329 1790 371 τῶν
1821 328 1958 371 θεῶν.

748 419 820 450 ΗΡ.
873 406 1012 462 φεῦγ’,
1043 402 1081 449 ὦ
1110 407 1359 462 ταλαίπωρ’,
1394 404 1574 451 ἀνόσιον
1602 409 1753 464 μίασμ’
1784 405 1905 463 ἐμόν.

748 495 826 529 ΘΗ.
871 479 1015 534 οῧδεὶς
1045 480 1248 541 ἀλάστωρ
1280 493 1368 535 τοῖς
1398 487 1542 542 φίλοις
1572 486 1620 529 ἐκ
1650 488 1736 529 τῶν
1764 487 1920 543 φίλων,

156 560 344 619 denique
375 559 445 604 his
469 561 679 616 ‚versibus
714 561 831 606 1399
863 577 928 621 sq.

731 653 803 686 ΗΡ.
862 637 960 685 ἀλλ’
981 640 1091 697 αἷμα
1119 639 1180 699 μὴ
1211 650 1302 693 σοῖς
1332 641 1635 700 ἐξομόρξωμαι
1665 644 1857 693 πέπλοις.

734 724 811 764 em
864 719 1071 776 ἔκμασσε,
1119 721 1274 778 φείδου
1303 722 1459 779 μηδέν·
1507 718 1585 764 οὔκ
1614 718 1866 776 ἀναίνομαι.

155 793 302 849 Quare
323 795 570 839 mirandum
593 801 680 839 non
702 804 782 851 est,
815 796 930 840 hanc
957 813 1127 856 quoque
1160 813 1455 857 causam-qua
1485 814 1533 842 se
1553 798 1766 842 Hercules
1798 798 1931 855 pallio
1963 799 2141 854 obtegat
2171 797 2314 840 afferri

153 873 300 918 verbis
488 880 491 882 ’
884 882 887 885 ’

729 955 803 997 καὶ
836 986 847 997 .
870 980 892 997 -.
924 953 1244 1011 προστρόπαιον
1275 955 1384 1012 αἷμα
1416 953 1680 1013 προσλαβών

731 1028 861 1076 οὐδὲν
891 1033 1085 1077 κακῶσαι
1115 1032 1214 1085 τοὺς
1244 1030 1466 1084 ἀναιτίους
1497 1034 1633 1078 θέλω.

152 1108 204 1152 In
243 1108 403 1166 quibus
443 1108 804 1155 Wilamowitzius
836 1117 880 1154 et
912 1110 1008 1161 τοὺς
1039 1109 1259 1164 ἀναιτίους
1304 1120 1347 1156 et
1377 1114 1572 1157 κακῶσαι
1604 1112 1869 1170 vituperavit
1899 1111 2089 1169 graviter
2121 1111 2197 1154 sed
2230 1111 2316 1154 nisi

152 1186 346 1230 failimur
367 1187 546 1230 iniuria:
582 1202 684 1231 nam
715 1185 937 1240 ἀναιτίους
968 1188 1141 1234 Thesea
1170 1206 1277 1234 sane
1309 1191 1416 1234 dicit
1429 1190 1659 1246 Hercules,
1693 1191 1914 1232 neminem
1932 1173 2180 1247 praeterea,
2215 1191 2318 1247 quia

152 1263 208 1308 ad
230 1265 450 1310 neminem
471 1272 697 1324 praeterea
717 1266 804 1309 ista
839 1265 1024 1310 formido
1054 1268 1325 1325 contagionis
1356 1268 1624 1326 pertinebat3
1657 1268 1702 1311 id
1735 1268 1853 1326 quod
1883 1267 2033 1310 fabula
2062 1268 2161 1325 ipsa
2190 1268 2317 1310 docet

153 1341 274 1400 (vide
295 1358 428 1402 supra
449 1341 613 1401 allata),
647 1359 788 1403 neque
820 1346 865 1389 in
898 1361 950 1390 ea
979 1361 1027 1389 re
1058 1347 1204 1406 inepte
1236 1347 1487 1391 memineris
1519 1362 1670 1390 eorum
1702 1362 1815 1405 quae
1847 1346 1901 1389 de
1923 1343 2092 1404 Oedipo
2115 1346 2317 1390 dicuntur

150 1421 198 1464 in
230 1420 400 1480 Oedipo
432 1422 485 1466 R.
523 1423 638 1468 1429

868 1513 870 1515 ’
945 1501 1004 1553 ὥς
1035 1501 1192 1558 τάχιστ’
1223 1505 1284 1553 εἷς
1315 1505 1436 1547 οἶκον
1467 1503 1721 1560 ἐσκομίζετε·

730 1588 819 1630 τοῖς
850 1581 898 1624 ἐν
927 1584 1042 1633 γένει
1071 1581 1157 1636 γὰρ
1188 1579 1373 1637 τάγγενῆ
1402 1580 1587 1638 μα’λισθ*
1609 1581 1720 1636 ὁρᾶν

712 1656 880 1714 ,μόνοις
910 1660 944 1701 τ’
965 1656 1139 1703 ἀκούειν
1169 1657 1352 1716 εὐσεβῶς
1383 1661 1469 1714 ἔχει
1499 1659 1629 1710 κακά,

150 1742 195 1778 et
216 1734 334 1793 quod
354 1735 558 1778 universe
586 1735 778 1794 loquitur
804 1735 905 1786 τούς
935 1734 1157 1788 ἀναιτίους
1187 1738 1412 1796 appellans
1443 1753 1543 1781 cum
1574 1753 1709 1781 unum
1741 1738 1917 1794 cogitat,
1949 1752 2092 1796 neque
2123 1737 2316 1780 insolens

150 1820 218 1856 est
248 1810 375 1869 (2663
416 1814 526 1865 277;
566 1811 675 1869 567)
706 1829 848 1872 neque
887 1815 972 1858 hoc
1003 1817 1318 1860 sententiarum
1350 1824 1501 1860 tenore
1532 1818 1763 1860 obscurum
1798 1831 1894 1859 esse
1924 1818 2085 1874 potuit3
2126 1818 2319 1859 κακῶσαι

150 1897 297 1934 autem
330 1890 436 1949 quid
469 1891 547 1947 sit,
590 1891 628 1934 si
661 1891 730 1935 cui
762 1892 894 1936 nimis
926 1892 1151 1955 indefinite
1183 1893 1270 1937 dici
1301 1893 1517 1950 videatur,
1558 1894 1800 1952 praemissa
1830 1894 1965 1937 verba
1995 1892 2317 1949 προστρόπαιον

153 1969 264 2025 αἷμα
286 1971 439 2026 προσλ.
462 1985 572 2028 quae
596 1986 694 2015 cum
715 1970 804 2014 illis
829 1987 959 2015 unam
980 1972 1244 2016 sententiam
1281 1972 1479 2017 efficiunt
1499 1972 1683 2017 ,abunde
1705 1972 1941 2017 declarant.
1984 1972 2038 2016 In
2069 1972 2140 2017 his
2172 1979 2317 2016 autem

149 2051 277 2110 ipsis,
317 2052 476 2110 quibus
516 2067 564 2097 se
601 2052 735 2110 ἐναγῆ
766 2068 863 2097 esse
895 2068 950 2097 ex
981 2053 1169 2098 filiorum
1202 2053 1336 2098 caede
1367 2053 1581 2097 Hercules
1613 2052 1792 2109 fatetur,
1833 2052 1938 2111 quid
1969 2067 2066 2096 esse
2098 2052 2314 2096 credimus

150 2130 269 2188 quod
282 2130 383 2180 *iure
409 2130 771 2189 reprehendatur:
805 2131 893 2175 dici
915 2131 1092 2189 quidem
1113 2138 1285 2195 poterat
1306 2131 1626 2188 προστρόπαιος
1657 2131 1720 2175 ὧν
1740 2129 1808 2188 (ut
1842 2127 1978 2185 1259)
2010 2130 2080 2173 vel
2112 2130 2314 2186 προστρό-

148 2225 283 2253 παιον
304 2208 414 2264 αἷμα
438 2209 550 2264 ἔχων
570 2207 710 2265 (velut
734 2210 850 2254 1076
882 2209 990 2265 αἷμα
1021 2208 1233 2264 σύγγονον
1264 2213 1365 2263 ἕξει,
1397 2205 1622 2266 cf.1284)‚
1657 2210 1734 2253 sed
1765 2225 1853 2252 non
1884 2209 2029 2253 minus
2060 2216 2190 2265 recte,
2224 2210 2314 2267 opi-

152 2303 320 2343 namur,
354 2287 462 2331 illud
486 2287 603 2345 quod
623 2287 1033 2345 positumlegimus,
1067 2302 1154 2345 quo
1176 2287 1233 2331 ad
1260 2287 1654 2332 commiserandam
1687 2287 1864 2330 caedem
1884 2287 2044 2330 factam
2067 2286 2149 2330 hoc
2170 2301 2313 2330 acces·

150 2365 262 2409 sisse
290 2364 451 2408 dicitur
472 2372 520 2408 ut
536 2365 611 2423 qui
631 2365 784 2411 fecerit
804 2364 1124 2421 προστρόπαιος
1155 2366 1386 2409 exstiterit.
1433 2365 1587 2422 Itaque
1619 2366 1665 2408 in
1697 2365 1765 2407 his
1799 2365 1944 2409 verbis
1976 2364 2088 2408 nihil
2119 2380 2214 2409 esse
2247 2380 2311 2408 ar·

150 2444 364 2487 bitramur
402 2444 628 2502 depravati
664 2444 769 2492 nisi*
789 2460 924 2487 unum
960 2444 1096 2503 τῷδε,
1133 2443 1265 2502 quod·
1285 2459 1375 2487 non
1410 2443 1544 2488 habet
1579 2459 1666 2501 quo
1704 2443 1785 2487 niti
1816 2444 1978 2501 possit:
2029 2444 2218 2501 reposito
2259 2443 2313 2487 de

147 2521 410 2566 Kirchhoffii
435 2523 685 2580 opinatione
712 2523 859 2578 τῶνδε,
879 2522 995 2580 quod
1026 2523 1082 2566 ab
1114 2522 1189 2565 illo
1221 2538 1350 2579 quam
1382 2521 1501 2565 nullo
1534 2521 1785 2565 discrimine
1816 2521 1948 2565 distet
1979 2528 2171 2578 apparet,
2205 2522 2313 2564 inte-

145 2616 271 2657 gram
302 2601 486 2645 habebis
520 2602 782 2647 sententiam

422 2681 424 2684 ’
724 2681 798 2722 καὶ
828 2680 963 2725 τῶνδε
994 2677 1316 2735 προστρόπαιον
1347 2678 1457 2734 αἷμα
1488 2676 1749 2733 προσλαβών

725 2756 854 2802 οὐδὲν
883 2760 1078 2802 κακῶσαι
1106 2756 1203 2808 τοὺς
1233 2755 1453 2807 ἀναιτίους
1484 2756 1618 2811 θέλω,

144 2851 279 2893 quam
317 2836 374 2880 ad
411 2835 529 2879 hunc
565 2835 655 2879 fere
691 2836 871 2882 modum
908 2821 1187 2894 interpretari
1223 2836 1345 2892 licet,
1393 2837 1467 2878 καὶ
1503 2833 1655 2879 τούσδε
1694 2832 1865 2878 κτανών
1902 2815 2220 2889 προστρόπαιος
2253 2835 2316 2878 ὧν

145 2912 276 2958 οὐδὲν
307 2915 501 2958 κακῶσαι
532 2912 631 2964 τούς
662 2911 883 2965 ἀναιτίους
914 2915 1049 2958 θέλω.
1097 2914 1237 2972 Atqui
1269 2913 1372 2972 quia
1402 2913 1509 2972 τῷδε
1531 2913 1708 2956 incerta
1728 2919 1947 2969 structura
1966 2912 2199 2970 pendebat,
2232 2912 2316 2955 hoc

146 2999 195 3035 ut
226 2993 514 3048 stabiliretur,
547 2999 780 3055 postquam
812 2990 1029 3037 canterus
1060 2991 1324 3048 προσβαλῶν
1354 2991 1635 3035 scribendum
1666 2991 1895 3049 proposuit
1923 3006 2003 3049 pro
2036 2990 2316 3047 προσλαβών,

145 3072 259 3115 scita
301 3072 552 3116 coniectura
592 3061 813 3130 plerisque
851 3071 1059 3129 probata,
1106 3071 1260 3114 turbae
1281 3076 1472 3113 >coortae
1510 3076 1613 3114 sunt
1649 3085 1792 3127 neque
1830 3071 2112 3128 compositae.
2166 3071 2315 3128 Atque

145 3150 427 3195 Hermannus
465 3151 575 3210 τῷδε
613 3147 875 3207 προσβαλών
911 3149 965 3194 de
1003 3163 1061 3193 se.
1082 3148 1227 3194 dicere
1259 3147 1496 3192 Herculem
1526 3149 1749 3207 opinatus,
1794 3150 2011 3194 rationem
2042 3155 2217 3194 secutus
2249 3159 2315 3193 est

146 3228 230 3273 hoc
268 3228 443 3287 quidem
480 3229 576 3273 loco
615 3227 795 3272 minime
836 3226 1129 3284 probabilem3
1170 3227 1301 3271 ceteri
1344 3226 1452 3286 τῷδε
1489 3226 1534 3270 in
1576 3226 1660 3270 hac
1698 3228 1896 3272 oratione
1932 3243 2021 3271 non
2060 3243 2190 3286 posse
2227 3228 2313 3271 nisi

145 3307 204 3349 ad
241 3306 415 3351 Thesea
454 3308 604 3351 referri
643 3306 955 3362 intelligentes,
981 3306 1045 3365 ⁸ab
1083 3305 1178 3349 hoc*
1203 3306 1419 3363 principio
1447 3305 1655 3348 mutando
1687 3305 1874 3350 delendo
1905 3306 2230 3364 transponendo
2262 3322 2317 3349 ex
