2478 3489
1218 96 1274 141 12

148 217 320 276 Lycum
358 223 504 260 autem
542 216 829 274 intelligimus
869 232 955 261 non
998 223 1089 261 tam
1127 216 1370 276 comparari
1409 231 1507 260 cum
1544 215 1736 261 Hercule
1787 230 1919 275 quam
1957 214 2149 260 describi
2185 213 2330 274 qualis

149 296 361 339 adversus
398 294 639 338 Herculem
675 295 881 338 reducem
921 296 979 338 sit
1016 296 1188 339 futurus
1227 303 1271 339 et
1307 295 1482 354 qualem
1521 309 1640 338 nunc
1677 308 1725 339 se
1756 301 1879 353 gerat
1915 308 2020 351 erga
2056 293 2174 338 filios
2204 299 2329 351 patre

151 374 349 417 orbatos:
382 373 428 416 in
461 387 549 431 qua
578 387 627 416 re
658 372 809 430 Lycus
842 373 1093 432 depingitur
1125 387 1260 433 prope
1292 380 1341 417 ut
1370 372 1646 431 Eurystheus
1675 372 1721 416 in
1753 370 1976 416 Heraclid.
2056 409 2059 410 γ

581 451 670 495 816
959 450 1014 509 ἦν
1045 451 1261 503 κάκιστος·
1293 455 1386 496 εἶτα
1418 454 1606 504 τοιοῦτος
1636 452 1772 507 γεγώς

733 532 833 580 τούς
857 529 1134 586 ἹΙρακλείους
1165 529 1277 587 ἦλθε
1308 531 1544 575 δουλώσων
1573 530 1742 584 γόνους.

155 609 225 651 De
258 624 344 665 quo
376 608 527 652 Iolaus
561 623 734 666 quoque
766 607 893 664 (ibid.
915 608 1022 664 744)
1053 625 1142 652 non
1164 610 1369 667 ineptius,
1404 610 1647 666 opinamur,
1682 623 1814 666 quam
1833 607 2016 664 Megara
2047 605 2101 649 de
2121 604 2327 660 Hercule,

149 687 357 744 loquitur,
393 700 491 730 cum
526 687 644 730 dicat
675 689 766 737 οἷος
798 688 855 729 ὃν
885 686 1048 742 τροπὴν
1069 684 1336 742 Εὗρυσθέως
1357 690 1541 743 θείμην·
1573 687 1669 730 ἐπεί
1698 702 1764 730 τοι
1793 683 2018 734 καὶκακὸς
2036 686 2183 740 μένειν
2205 680 2328 739 δόρυ.

151 762 301 818 Quare
334 779 435 808 cum
465 764 528 808 ita
559 764 800 809 sentiamus
832 764 877 807 in
909 763 1117 821 Megarae
1149 764 1354 821 precibus
1387 763 1500 807 nihil
1532 779 1630 808 esse
1661 763 1780 821 quod
1811 763 1882 808 vel
1902 763 2044 821 ipsam
2064 760 2135 805 vel
2156 766 2330 819 poetam

151 843 374 895 dedeceat,
409 851 503 886 tum
535 842 644 886 illud
675 843 877 901 inprimis
910 843 1019 886 scite
1051 842 1301 886 institutum
1334 842 1652 898 existimamus,
1686 841 1804 900 quod
1836 856 1936 885 cum
1968 839 2213 899 imploratio
2235 839 2330 883 eius

152 922 351 966 ordiatur
382 922 438 965 ab
471 921 540 964 his

1168 1002 1235 1043 σοὶ
1266 999 1378 1050 τάδ’,
1402 998 1644 1054 Ἡράκλεις,
1674 1001 1806 1052 λέγω·

734 1075 918 1138 θνῄσκει
949 1076 1094 1133 πατήρ
1126 1076 1201 1127 σὸς
1231 1080 1305 1121 καὶ
1336 1080 1461 1128 τέκν’,
1493 1077 1679 1132 ὄλλυμαι
1711 1077 1750 1120 δ’
1766 1074 1871 1140 ἐγώ,

149 1155 300 1198 redeat
330 1155 375 1198 in
409 1156 497 1197 fine
529 1154 584 1197 ad
618 1154 663 1196 id
695 1155 812 1212 quod
844 1170 1063 1199 summum
1096 1162 1202 1212 erat,
1237 1161 1284 1200 οἳ
1311 1159 1439 1200 τέκνα
1470 1160 1679 1199 κτείνουσι
1710 1153 1780 1206 σοι’,
1813 1153 2054 1198 admonens
2086 1154 2133 1196 in
2164 1158 2329 1210 quanto

152 1234 405 1277 discrimine
436 1234 626 1276 filiorum
661 1248 756 1276 sors
787 1233 979 1277 haereat.

370 1310 459 1354 Sed
496 1310 864 1354 Wilamowitzius
911 1313 955 1354 in
999 1312 1083 1354 hoc
1123 1313 1324 1371 exemplo
1362 1312 1561 1355 additicii
1600 1327 1752 1355 versus
1785 1310 1971 1354 eandem
2001 1308 2327 1368 interpolatoris

150 1406 329 1433 manum
361 1390 487 1447 prodi
519 1390 691 1447 putavit
713 1406 826 1447 quae
849 1391 948 1433 aliis
974 1391 1103 1434 huius
1127 1391 1379 1447 tragoediae
1396 1392 1505 1434 locis
1522 1406 1660 1450 prava
1682 1390 1914 1434 sedulitate
1930 1388 2157 1446 Euripidis
2174 1401 2328 1430 versus

150 1467 351 1523 augendo
386 1467 652 1510 deformarit.
730 1467 798 1510 De
831 1468 990 1525 quibus
1022 1469 1224 1511 versibus
1256 1468 1444 1511 fortasse
1475 1483 1564 1511 non
1597 1468 1751 1511 inutile
1775 1467 1859 1510 erit-
1880 1467 2116 1524 superioris
2137 1465 2329 1523 disputa·

152 1547 287 1589 tionis
320 1561 454 1589 causa
484 1547 530 1589 in
563 1554 820 1589 transcursu
851 1561 1062 1603 quaerere
1094 1547 1200 1604 quid
1233 1547 1462 1604 probabile
1494 1548 1565 1590 sit.
1629 1546 1825 1589 Primum
1846 1545 1981 1602 igitur
2006 1542 2240 1587 dicendum
2263 1549 2331 1586 est

153 1624 207 1666 de
240 1640 280 1667 v.
318 1625 447 1679 1108,
482 1625 558 1681 qui
590 1624 796 1667 Herculis
830 1625 952 1681 ῥῆσιν
985 1624 1162 1679 claudit,
1197 1640 1285 1681 qua
1316 1625 1354 1672 is
1386 1625 1517 1668 modo
1551 1625 1720 1667 excitus
1743 1639 1767 1667 e
1790 1638 1942 1667 somno
1972 1621 2329 1679 circumspiciens

152 1717 199 1744 se
221 1701 333 1744 nihil
350 1716 500 1745 eorum
523 1717 635 1759 quae
657 1702 775 1745 circa
797 1710 900 1745 sunt
921 1717 1159 1759 agnoscere
1179 1717 1329 1745 secum
1347 1703 1525 1759 cogitat,
1561 1702 1749 1759 denique
1771 1702 1819 1744 in
1835 1701 1943 1744 haec
1966 1700 2102 1743 verba
2122 1699 2328 1756 erumpit:

551 1781 668 1825 1105
732 1780 778 1825 ἔκ
809 1797 875 1826 τοι
906 1783 1176 1838 πέπληγμαι·
1211 1783 1298 1827 ποῦ
1328 1783 1423 1826 ποτ’
1457 1781 1519 1825 ὢν
1551 1778 1786 1838 ἀμηχανῶ,-

734 1856 814 1917 ὦή,
846 1863 909 1910 τίς
940 1860 1067 1914 ἐγγὺς
1098 1860 1124 1916 ἢ
1154 1859 1304 1916 πρόσω
1328 1861 1470 1918 φίλων
1501 1860 1632 1915 ἐμῶν,

734 1936 971 1992 δύσγνοιαν
1004 1938 1116 1990 ὅστις
1148 1938 1227 1997 τὴν
1257 1936 1367 1996 ἕμὴν
1399 1937 1586 1992 ieiunat,-

586 2040 646 2045 —
734 2020 889 2074 σαφῶς
918 2018 1006 2074 γὰρ
1038 2016 1167 2063 οὐδὲν
1199 2019 1299 2063 οἶδα
1330 2020 1415 2062 τῶν
1446 2018 1686 2062 εἰωθότων.

153 2094 325 2137 Horum
358 2094 493 2149 igitur
525 2109 729 2138 versuum
753 2103 996 2139 extremum
1020 2096 1384 2140 Wilamowitzius
1412 2097 1458 2139 in
1488 2096 1641 2139 eadem
1662 2095 1839 2139 officina
1859 2109 1958 2137 cum
1980 2109 2020 2137 v.
2043 2093 2145 2149 496,
2169 2092 2224 2136 de
2245 2107 2331 2150 quo

153 2188 286 2229 supra
307 2171 611 2228 disseruimus,
636 2180 835 2230 paratum
859 2175 1148 2218 confirmandi
1171 2176 1353 2219 consilio
1376 2175 1590 2218 inutiliter
1611 2174 1665 2217 ad
1690 2174 1905 2229 integram
1927 2171 2168 2216 orationem
2190 2170 2332 2214 adiec-

154 2258 246 2293 tum
281 2250 434 2293 statuit
467 2250 532 2294 sic
561 2252 849 2295 ratiocinatus
888 2251 1038 2308 (Anal.
1061 2253 1213 2311 Eurip.
1238 2252 1345 2307 207)
1378 2252 1616 2297 absurdum
1649 2267 1746 2296 esse
1778 2252 1834 2295 ab
1864 2250 2056 2294 Hercule
2088 2248 2175 2292 dici
2204 2247 2334 2291 ‘nihil

152 2329 271 2371 soliti
304 2326 420 2384 sci0,’
461 2329 580 2386 quod
611 2344 716 2372 vero
749 2329 1073 2373 desideraretur
1095 2330 1226 2373 ‘nihil
1258 2331 1376 2374 soliti
1410 2328 1615 2388 agnosco'
1651 2330 1695 2372 in
1729 2329 1807 2372 illa
1836 2328 2033 2371 oratione
2066 2328 2212 2370 inesse
2244 2341 2333 2369 non

151 2424 294 2465 posse.
359 2408 594 2463 Largimur
624 2410 820 2466 potuisse
852 2425 1028 2452 versum
1061 2412 1228 2453 abesse.
1279 2409 1477 2463 Quidni?
1509 2411 1583 2467 qui
1615 2409 1728 2451 nihil
1758 2408 1923 2466 proprii
1954 2407 2088 2449 habet
2108 2408 2193 2450 nisi
2214 2407 2333 2464 quod

153 2488 340 2542 priorem
380 2488 645 2530 sententiam
683 2489 874 2544 explicat
913 2498 957 2530 et
996 2491 1237 2531 confirmat.
1293 2487 1571 2545 Quamquam
1608 2489 1717 2530 talia
1753 2488 1878 2539 addi,
1921 2502 1976 2528 ne
2014 2486 2058 2528 id
2097 2486 2275 2543 quidem
2307 2501 2334 2527 a

154 2564 470 2608 consuetudine
504 2573 730 2622 poetarum
772 2566 963 2609 alienum
1002 2576 1082 2622 est,
1117 2575 1161 2609 et
1194 2567 1231 2610 si
1264 2567 1368 2624 quid
1393 2568 1487 2610 eius
1520 2566 1639 2610 modi
1672 2565 1745 2609 hic
1776 2565 1869 2608 illic
1902 2580 2003 2608 vere
2023 2565 2080 2608 ab
2100 2565 2334 2623 interpola·

154 2642 325 2686 toribus
358 2642 577 2685 adiectum
610 2643 782 2698 legitur,
818 2644 1028 2687 credibile
1062 2653 1129 2687 est
1162 2660 1236 2687 eos
1269 2645 1325 2688 ad
1357 2652 1584 2701 poetarum
1618 2659 1744 2687 usum
1777 2658 1824 2686 se
1845 2643 2212 2687 accommodasse.
2246 2643 2333 2687 Sed

155 2721 455 2764 controversia
493 2720 547 2763 de
587 2738 719 2764 versu
755 2730 906 2765 nostro
945 2723 1060 2765 redit
1097 2723 1153 2766 ad
1191 2723 1506 2780 explorandam
1545 2724 1635 2766 vim
1673 2730 1717 2765 et
1755 2723 2017 2766 sententiam
2055 2724 2179 2766 verbi
2217 2724 2331 2778 οἶδα,

152 2798 270 2856 quod
310 2799 347 2842 si
387 2797 548 2842 habeat
586 2815 682 2842 eam
720 2814 851 2856 quam
889 2799 963 2843 ille
1004 2808 1136 2857 negat
1174 2801 1442 2856 agnoscendi
1481 2799 1773 2856 cognoscendi
1812 2800 2198 2857 significationem,
2244 2817 2335 2844 non

152 2877 211 2920 sit
249 2876 365 2935 quod
404 2877 589 2935 probam
628 2878 892 2921 sententiam
929 2894 1244 2936 expungamus.
1293 2879 1433 2936 Atqui
1466 2878 1830 2923 Wilamowitzius
1868 2879 1964 2936 ipse
1995 2878 2111 2937 quod
2143 2879 2199 2923 ab
2231 2879 2334 2923 οἶδα

150 2955 303 3013 procul
335 2955 470 3000 habet
500 2956 547 2999 in
584 2955 815 3000 modorum
846 2956 998 3000 formis
1032 2972 1131 3000 cum
1162 2957 1239 3000 illo
1273 2957 1518 3001 coniunctis
1551 2959 1769 3014 agnoscit:
1804 2957 1925 3001 velut
1954 2958 1999 3001 in
2022 2974 2063 3001 v.
2082 2958 2169 3002 617
2204 2973 2333 3016 quem

153 3049 286 3092 supra
328 3034 574 3091 tetigimus,
622 3035 774 3079 ἐλθὼν
817 3032 999 3079 τᾶνδοὲὄ
1037 3035 1195 3092 εἰδείην
1232 3034 1397 3091 πάρος,
1433 3035 1481 3079 in
1522 3051 1608 3093 quo
1647 3036 1807 3094 εἰδείην
1842 3035 2125 3080 Hermannus
2159 3035 2334 3093 ‘cogno-

155 3110 304 3157 verim'
343 3113 681 3171 interpretatur,
716 3112 1081 3158 Wilamowitzius
1114 3111 1260 3171 ἦλθον
1293 3147 1303 3157 .
1339 3147 1349 3157 .
1382 3115 1547 3158 εἰδέναι
1577 3115 1790 3172 reposuit,
1833 3122 1877 3159 et
1913 3114 1998 3159 hoc
2030 3124 2074 3158 et
2104 3115 2212 3159 illud
2245 3130 2332 3159 non

151 3191 334 3247 sciendi,
369 3191 447 3236 sed
479 3191 760 3249 agnoscendi,
800 3192 1044 3250 aspiciendi
1078 3193 1167 3237 vim
1198 3192 1361 3237 habere
1393 3193 1674 3237 manifestum
1715 3202 1799 3238 est:
1847 3193 1965 3251 quod
1997 3209 2082 3253 quo
2114 3194 2207 3238 iure
2239 3194 2335 3237 fieri

151 3270 359 3327 potuerit,
410 3271 708 3328 compluribus
753 3272 966 3328 exemplis
1010 3273 1242 3329 approbat3
1291 3271 1408 3315 idem
1453 3271 1509 3314 ad
1550 3288 1589 3315 v.
1626 3273 1742 3316 1196
1784 3270 1862 3316 οὔκ
1901 3273 1958 3315 ἂν
1997 3273 2152 3328 εῖδείης
2189 3275 2336 3327 ἕτερον
