2478 3489
1197 112 1256 157 23

115 231 241 296 idon>
281 231 404 284 ἰδού,
450 232 617 277 θύελλα
660 237 761 277 σείει
802 233 952 290 δῶμα,
994 237 1224 290 συμπίπτει
1266 236 1412 291 στέγη,
1450 248 1581 292 quem
1624 232 1781 277 chorus
1827 234 2051 292 excipiens
2098 234 2309 291 proximis

141 311 283 354 tribus
315 311 516 354 versibus
553 310 741 355 eundem
777 326 956 355 sensum
992 318 1273 369 exsequatur,
1321 312 1386 355 ita
1422 317 1471 354 ut
1501 309 1726 355 Palladem
1764 311 1954 369 appellet
1989 318 2034 355 et
2071 328 2098 355 a
2111 320 2115 324 ’
2128 311 2309 356 Pallade

141 388 276 432 istum
306 387 630 444 formidabilem
660 394 828 432 motum
859 394 1074 432 tectorum
1104 388 1202 432 fieri
1233 388 1464 445 significet.
1518 387 1620 431 Non
1650 387 1763 444 fugit
1782 386 2169 432 Wilamowitzium
2199 386 2307 444 (vid.

142 481 185 524 p.
209 462 319 522 214)
351 456 588 510 difficultas
619 480 707 524 qua
737 464 848 509 haec
879 465 1113 525 explicatio
1144 466 1334 510 laborat:
1367 480 1525 524 nempe
1546 464 1695 509 Pallas
1727 481 1808 509 nec
1839 473 1941 510 ante
1971 473 2212 510 memorata
2242 474 2310 510 est

144 559 287 602 neque
318 559 435 588 nunc
466 544 560 588 eius
591 544 841 602 praesentia
870 544 935 587 ita
965 543 1197 588 denotatur
1226 551 1275 588 ut
1305 560 1402 588 eam
1433 544 1571 588 oculis
1604 543 1753 588 videre
1775 559 1902 588 senes
1924 543 2157 589 Thebanos
2179 560 2308 603 appa-

144 629 253 666 reat.
315 622 488 666 Referri
525 629 672 666 autem
708 622 831 666 iubet
868 621 950 666 hos
987 623 1198 667 tumultus
1230 638 1338 681 quos
1369 622 1518 667 Pallas
1550 628 1758 680 provocet
1788 623 1833 665 in
1866 622 1995 666 domo
2027 623 2083 666 ad
2114 639 2166 667 ea
2197 639 2309 681 quae

144 700 325 745 nuntius
346 706 497 746 narrat
516 717 558 745 v.
584 701 701 746 1002
732 715 828 759 sqq.
851 699 1046 745 Palladis
1077 701 1326 745 interventu
1345 700 1553 745 Herculis
1574 700 1742 744 furores
1771 715 2043 759 compressos
2070 716 2179 758 esse,
2213 698 2309 746 ἀλλ’

141 776 282 837 ἦλθεν
316 778 466 836 εἰκών,
506 778 565 831 ὥς
601 778 714 836 ὁρᾶν
757 780 988 836 ἐφαίνετο,
1024 780 1211 831 Παλλὰς
1254 780 1531 837 κραδαίνουσ)
1575 780 1700 835 ἔγχος
1737 780 1966 835 ἐπίλογχον
1996 783 2087 835 χερὶ
2119 780 2309 837 κᾶρριψε

144 860 303 914 πέτρον
339 861 516 914 στέρνον
559 860 621 908 εἷς
643 856 905 914 “Ηρακλέους
941 860 1030 903 κτλ.
1092 857 1217 913 Quae
1253 866 1399 902 tamen
1432 873 1531 902 cum
1567 859 1657 902 illis
1695 859 1819 901 chori
1856 859 2057 901 versibus
2095 860 2307 902 curiosius

141 935 383 980 conferenti
421 952 511 980 non
541 935 670 979 valde
701 936 949 980 consentire
989 935 1267 979 videbuntur.
1330 934 1478 990 Quare
1509 952 1590 980 nos
1622 937 1751 980 aliter
1781 935 2156 994 interpretandum
2187 942 2307 994 puta-

145 1029 242 1057 mus
275 1019 405 1071 atque
437 1014 800 1071 proficiscendum
831 1029 928 1058 esse
960 1014 1017 1057 ab
1047 1014 1105 1058 iis
1136 1029 1248 1071 quae
1278 1014 1433 1058 Λύσσα
1466 1014 1597 1058 choro
1631 1015 1835 1059 audiente
1866 1013 2062 1072 prodidit
2093 1014 2147 1057 de
2177 1015 2307 1058 rebus

141 1106 250 1148 quas
283 1091 405 1135 iussu
435 1091 617 1135 Iunonis
649 1098 825 1148 gestura
857 1097 976 1135 esset
1006 1091 1052 1134 in
1086 1090 1214 1135 domo
1246 1091 1450 1136 Herculis
1482 1108 1523 1136 V.
1548 1093 1638 1137 864
1659 1107 1755 1150 sqq.

643 1171 718 1213 καὶ
747 1167 1003 1226 καταρρήξω
1036 1170 1246 1225 μέλαθρα
1277 1171 1350 1213 καὶ
1380 1169 1541 1226 δόμους
1567 1170 1800 1228 ἐπεμβαλῶ

646 1250 755 1292 τέκν’
787 1245 1080 1292 ἀποκτείνασα
1110 1249 1295 1303 πρῶτον.

142 1322 342 1383 Cumque
375 1323 705 1370 senesAv'oo'av
731 1325 779 1369 in
809 1325 990 1370 domum-
1006 1326 1245 1370 intrantem
1265 1327 1495 1370 evanuisse
1517 1326 1708 1370 viderint
1728 1325 1857 1383 (8733
1891 1323 2013 1382 880),
2047 1325 2165 1369 haud
2187 1325 2308 1369 dubii

142 1404 249 1461 quin
294 1410 466 1448 tantum
508 1420 670 1449 numen
714 1404 826 1448 nihil
865 1420 1015 1448 eorum
1059 1419 1170 1463 quae
1208 1404 1356 1463 cupiat
1393 1403 1609 1461 ἄκραντον
1639 1405 1874 1463 relinquat,
1920 1405 2071 1448 statim
2109 1419 2161 1448 ea
2198 1419 2308 1462 quae

145 1482 284 1525 voluit
316 1488 359 1525 et
390 1498 476 1539 quo
508 1483 661 1526 ordine
692 1483 832 1527 voluit
862 1483 1104 1540 perfectum
1134 1484 1190 1526 iri
1221 1482 1458 1538 confidunt,
1492 1483 1681 1541 primum
1713 1470 1874 1540 pueros
1898 1482 2105 1527 Herculis
2127 1489 2310 1540 paterna

146 1576 280 1604 manu
311 1560 470 1616 occidi,
513 1560 614 1605 dein
653 1560 830 1605 domum
861 1561 1029 1605 moveri
1060 1576 1112 1604 ac
1141 1560 1337 1604 funditus
1369 1560 1636 1605 labefactari.
1699 1560 1872 1605 Harum
1903 1561 2037 1618 igitur
2067 1577 2213 1606 rerum
2245 1576 2309 1605 se-

141 1638 270 1694 riem,
320 1653 452 1696 quam
490 1640 721 1696 profitente
758 1639 841 1683 dea
879 1646 1144 1697 compertam
1177 1638 1327 1694 habet,
1368 1638 1544 1694 chorus,
1584 1654 1850 1697 quamquam
1887 1639 1983 1682 fieri
2022 1639 2135 1683 nihil
2174 1639 2307 1694 videt,

142 1722 275 1759 cantu
292 1731 370 1760 suo
387 1717 684 1774 prosequitur:
707 1716 754 1760 id
770 1716 888 1774 quod
909 1716 1104 1771 chorum,
1122 1717 1284 1774 quippe
1306 1716 1516 1760 scientem
1533 1731 1645 1773 quae
1667 1717 1964 1774 exspectanda
1984 1725 2143 1772 essent,
2168 1717 2309 1760 facere

144 1793 339 1851 potuisse
392 1782 524 1838 etiam
562 1794 684 1838 nulla
723 1794 1062 1853 Amphitryonis
1099 1794 1417 1839 exclamatione
1455 1794 1718 1838 intrinsecus
1757 1793 1924 1850 audita,
1965 1795 2064 1852 quis
2102 1796 2308 1852 negabit?

144 1869 295 1925 Quare
315 1872 475 1930 pueris,
512 1879 557 1916 ut
578 1879 713 1931 putat,
747 1873 836 1916 iam
858 1872 1030 1929 occisis,
1066 1887 1164 1916 cum
1187 1872 1364 1916 domum
1385 1873 1561 1916 concuti
1582 1874 1727 1928 sentit,
1761 1879 1855 1916 tum
1876 1873 1955 1916 illa
1976 1874 2193 1916 exclamat
2212 1874 2309 1916 ἷδού

144 1949 254 2001 ἰδού,
275 1949 447 1994 θύελλα
469 1952 570 1994 σείει
592 1951 735 2006 δῶμα,
766 1953 998 2005 συμπίπτει
1019 1952 1156 2006 στέγη.
1204 1950 1382 1993 Accidit
1398 1957 1544 1993 autem
1564 1957 1722 2005 motus,
1747 1966 1876 2008 quem
1898 1951 2056 1994 chorus
2078 1951 2196 2006 dicit,
2220 1967 2306 1994 non

143 2036 235 2071 tum
268 2043 368 2071 cum
388 2027 534 2071 Pallas
566 2028 845 2083 κραδαίνουσ’
875 2027 999 2082 ἔγχος
1030 2028 1185 2085 ἔρριψε
1210 2031 1367 2083 πέτρον
1398 2031 1574 2084 στέρνον
1604 2028 1938 2085 εἷςἹΙρακλεόυς
1969 2026 2106 2085 (1003
2123 2026 2209 2086 sq.)
2231 2029 2307 2073 sed

142 2112 236 2149 tum
267 2120 366 2149 cum
391 2104 607 2149 Hercules
638 2101 766 2160 (998)
798 2101 856 2155 ὥς
884 2105 951 2149 ἐπ’
981 2101 1130 2155 αὐτοῖς
1157 2103 1211 2161 δὴ
1238 2105 1576 2150 Κυκλωπείοισιν
1597 2106 1660 2150 ὧν
1682 2104 1861 2150 σκάπτει
1880 2105 2076 2163 μοχλεύει
2097 2108 2304 2163 θύρετρα,

142 2179 376 2239 κάκβαλὼν
407 2183 590 2239 σταθμοὶ
624 2182 902 2240 superstitem
932 2197 1115 2240 puerum
1147 2183 1324 2226 tertium
1356 2199 1445 2227 una
1476 2198 1576 2227 cum
1607 2191 1744 2227 matre
1775 2191 2010 2227 mactatum
2036 2184 2129 2227 ivit.
2182 2183 2306 2227 Haec

99 2316 102 2320 ι
142 2277 223 2306 nos
251 2277 349 2306 cum
372 2261 689 2321 spectatoribus
721 2276 777 2305 ex
808 2260 950 2305 nuntii
982 2261 1231 2305 narratione
1262 2262 1565 2319 perspicimus,
1595 2262 1750 2307 chorus
1773 2269 1984 2320 quantum
2005 2263 2112 2306 satis
2136 2268 2229 2306 erat
2249 2277 2305 2305 ex

142 2339 315 2400 Λύσσης
336 2341 481 2385 verbis
503 2338 612 2398 (864
633 2337 720 2399 sq.)
742 2346 1017 2398 cognoverat,
1042 2340 1117 2398 qui
1139 2355 1249 2397 quae
1270 2340 1316 2382 in
1339 2346 1535 2383 extrema
1555 2347 1677 2398 parte
1701 2342 1860 2383 cantici
1883 2347 2029 2383 cantat
2049 2339 2156 2396 (905
2174 2338 2302 2397 sqq.),

143 2435 242 2463 cum
274 2420 469 2478 utrisque
502 2420 608 2463 satis
641 2420 891 2477 conspirare
923 2424 1115 2477 apparet.
1167 2418 1238 2461 Ex
1270 2434 1354 2476 quo
1386 2420 1665 2477 perspicuum
1704 2421 1771 2474 fit,
1811 2419 1915 2468 Διὸς
1946 2428 2030 2461 παῖ
2053 2420 2129 2476 qui
2158 2419 2304 2476 appel-

142 2499 257 2542 latur
286 2495 414 2554 (907)
451 2514 540 2541 non
577 2498 801 2542 Palladem
842 2514 957 2553 esse,
1006 2513 1137 2555 quam
1179 2498 1320 2541 nescit
1361 2497 1519 2541 chorus
1551 2497 1729 2552 adesse,
1772 2497 1848 2540 sed
1885 2497 2140 2552 Herculem,
2175 2513 2306 2555 quem

141 2575 251 2620 haec
287 2583 559 2634 patraturum
600 2576 779 2620 edoctus
818 2583 902 2631 est,
943 2582 987 2619 et
1024 2576 1098 2633 qui
1135 2573 1237 2625 Διὸς
1275 2575 1449 2629 ἔκγονος
1485 2575 1532 2617 in
1573 2574 1725 2618 eodem
1758 2575 1927 2618 cantico
1960 2574 2120 2618 dicitur
2152 2591 2193 2618 v.
2217 2576 2306 2620 876

142 2652 217 2711 (cf.
251 2655 339 2700 696
373 2662 416 2698 et
451 2650 606 2710 1020);
646 2669 788 2713 neque
827 2654 1008 2698 dubium
1039 2668 1137 2698 esse
1168 2653 1358 2710 videtur,
1393 2654 1498 2711 quin
1529 2653 1676 2697 Pallas
1708 2653 1755 2695 in
1788 2660 1982 2696 extremo
2015 2654 2187 2696 cantico
2218 2654 2326 2705 nisi,

143 2733 481 2791 comparationis
514 2748 645 2777 causa
675 2748 764 2776 non
796 2733 1022 2787 afferatur,
1059 2738 1103 2775 et
1135 2732 1396 2775 sententiam
1427 2726 1475 2774 in
1505 2731 1622 2774 hunc
1651 2730 1827 2773 modum
1859 2731 2071 2788 explicari
2109 2739 2309 2789 oporteat

141 2812 346 2868 τάραγμα
368 2810 620 2866 ταρτάρειον
651 2813 713 2861 εἷς
743 2809 908 2866 δόμους
938 2813 1135 2865 πέμπεις,
1167 2808 1227 2860 ὥς
1256 2806 1325 2852 ἐπ’
1348 2806 1593 2867 Ἐγκελάδῳ
1625 2809 1727 2852 ποτὲ
1757 2808 1942 2859 Παλλὰς
1972 2810 2185 2865 ἔπεμψεν.

358 2892 400 2934 4.
446 2890 499 2933 In
522 2896 674 2947 quarto
697 2888 938 2946 eodemque
959 2888 1112 2932 ultimo
1134 2888 1263 2932 huius
1282 2887 1590 2945 disputationis
1614 2888 1755 2945 capite
1773 2888 2045 2945 perbreviter
2060 2888 2114 2932 de
2137 2888 2307 2933 duobus

141 2969 343 3012 versibus
377 2984 557 3025 agemus
590 2983 776 3026 quorum
809 2967 994 3010 alterum
1028 2966 1259 3010 emendare
1289 2981 1419 3023 posse
1440 2964 1499 3021 (si
1520 2963 1685 3021 tamen)
1707 2966 1837 3010 nobis
1859 2966 2072 3023 videmur,
2107 2968 2163 3011 ab
2186 2967 2307 3010 adhi-

141 3047 235 3090 bita
272 3047 535 3091 emendandi
572 3062 675 3090 cura
710 3045 897 3089 alterum
933 3043 1171 3088 vindicare.
1233 3044 1380 3101 Atque
1417 3044 1587 3100 integra
1621 3051 1827 3102 putamus
1881 3061 1980 3089 esse
2027 3046 2162 3089 verba
2201 3047 2307 3089 Am-

141 3124 390 3183 phitryonis
423 3125 582 3183 quibus
614 3123 785 3183 Lycum
815 3123 863 3166 in
896 3121 1073 3167 domum
1102 3121 1307 3166 Herculis
1339 3122 1576 3166 intrantem
1606 3124 1886 3182 prosequitur
1916 3122 2045 3180 (729)

646 3200 699 3247 σὺ
727 3201 770 3246 δ’
802 3198 880 3246 οὖν
910 3200 996 3253 ἴθ’,
1027 3201 1141 3257 ἔρχει
1170 3200 1210 3244 δ’
1233 3200 1280 3244 οἷ
1303 3199 1462 3257 χρεών·
1497 3200 1550 3243 τὰ
1580 3201 1619 3244 δ’
1643 3201 1739 3246 ἄλλ’
1771 3205 1899 3257 ἴσως,

646 3281 764 3341 ἄλλῳ
796 3279 982 3339 μελήσει.
1026 3278 1247 3338 προσδόκα
1279 3280 1328 3323 δὲ
1359 3279 1477 3333 δρῶν
1507 3281 1649 3330 κακῶς
