2478 3489
1193 95 1249 139 ‘21

133 215 289 272 Itaque
319 212 403 258 hoc
434 212 489 258 de
509 213 702 258 Hercule
723 214 769 258 in
790 214 869 258 illa
899 215 1094 259 oratione
1115 215 1310 274 praedici
1341 221 1442 259 ante
1470 215 1625 259 inutile
1656 231 1744 259 non
1776 222 1882 272 erat,
1917 232 2015 260 cum
2047 217 2304 274 praesertim

138 291 296 338 Λύσσα
327 291 411 336 1100
442 307 614 351 (100(100
636 299 785 350 ageret
813 301 863 337 ut
882 291 1042 337 Iunoni
1074 294 1279 339 satisfieri
1309 293 1542 347 videretur,
1575 309 1705 351 quam
1726 294 1811 339 Iris
1842 294 2040 353 professa
2071 303 2164 339 erat
2193 295 2305 339 nihil

138 371 363 429 antiquius
384 370 546 415 habere
568 387 698 430 quam
721 378 771 415 ut
789 371 1004 416 Hercules
1035 372 1197 417 infensi
1227 373 1421 418 numinis
1452 373 1564 416 iram
1595 382 1877 430 cognosceret
1904 375 1994 419 839
2016 390 2081 433 3(1.
2130 373 2190 418 Et
2220 374 2304 418 hoc

134 463 306 508 quoque
338 449 402 494 ita
432 448 630 493 accidere
662 450 709 493 in
740 449 969 507 tragoedia
1000 450 1198 496 videmus
1217 468 1257 496 v.
1283 452 1398 495 1127
1429 466 1526 510 sqq.
1558 452 1692 506 12633
1725 452 1854 496 1308.
1919 452 2106 496 Tantam
2136 452 2225 495 vim
2260 461 2304 495 et

134 528 369 573 utilitatem
400 527 693 573 adscribimus
717 528 862 572 versui
894 528 1100 574 damnato
1126 545 1268 589 neque
1299 546 1400 574 eum
1431 529 1559 574 facile
1590 530 1675 574 hoc
1696 531 2010 575 sententiarum
2040 547 2159 575 nexu
2185 532 2300 575 ‘solvi

133 622 263 665 posse
294 622 538 651 censemus.
603 605 693 651 Sed
724 608 812 651 iam
844 607 1081 652 videndum
1113 616 1191 665 est,
1225 597 1412 667 nequae
1445 610 1573 653 nobis
1606 609 1714 653 satis
1747 610 1854 653 scite
1885 610 2099 654 instructa
2121 618 2165 654 et
2187 626 2300 653 com-

133 685 278 744 posita
317 684 539 742 videntur,
580 692 932 743 argumentorum
980 686 1025 730 vi
1068 702 1123 730 ex
1160 688 1306 732 verbis
1350 688 1489 745 petita
1531 694 1782 731 evertantur
1824 695 1868 731 et
1910 695 2127 732 corruant.
2190 686 2303 732 Sunt

134 771 281 807 autem
313 763 423 808 haec
453 764 729 822 potissimum
766 764 946 808 indicia
960 766 1120 822 quibus
1153 765 1517 809 Wilamowitzius
1557 766 1882 823 interpolatoris
1914 782 2090 810 manum
2122 768 2299 824 agnosci

139 842 228 885 sibi
262 842 497 898 persuasit:
529 842 720 900 primum
741 841 904 893 κανών,
935 858 1067 900 (108111
1103 844 1322 900 participii
1353 844 1539 887 formam
1570 850 1703 900 negat
1735 858 1833 886 cum
1863 845 2049 900 ἐναίρων
2079 845 2301 888 conciliari

132 935 276 978 posse.
340 919 465 964 Nihil
497 919 764 964 affirmamus
797 920 1106 976 confidentius,
1148 920 1225 965 sed
1256 930 1402 965 tamen
1440 920 1727 965 admonemus
1766 920 1831 964 rei
1862 928 2010 977 notae,
2051 921 2133 965 hoc
2163 937 2299 978 genus

134 999 463 1056 participiorum
495 1014 625 1056 saepe
657 999 820 1043 omissa
851 999 1061 1056 temporis
1093 999 1270 1043 notione
1307 1000 1363 1043 ad
1391 1000 1618 1043 nominum
1656 1008 1856 1043 naturam
1888 999 2113 1055 accedere3
2160 1016 2300 1058 neque

135 1075 244 1119 illud
277 1077 425 1134 inepte
458 1077 727 1133 putabimus,
762 1077 969 1134 quoniam
1000 1076 1110 1120 haec
1141 1078 1288 1121 omnia
1319 1078 1372 1121 de
1404 1086 1599 1136 tempore
1630 1078 1775 1122 futuro
1807 1079 2082 1134 nuntiantur,
2115 1078 2300 1123 fortasse

132 1157 278 1198 κανῶν
310 1152 385 1210 (cf.
411 1152 547 1210 1074)
577 1154 713 1198 futuri
743 1155 952 1213 temporis
984 1155 1261 1213 participium
1299 1156 1490 1213 positum
1527 1156 1678 1201 fuisse.
1743 1155 1915 1200 Deinde
1953 1157 2157 1213 ἐναίρων,
2199 1157 2301 1215 quia

132 1249 348 1291 nusquam
381 1234 498 1292 apud
518 1233 776 1292 Euripidem
808 1234 895 1278 nisi
926 1235 972 1278 in
1004 1233 1191 1278 choricis
1224 1235 1406 1279 canticis
1438 1235 1656 1293 legeretur
1687 1232 1760 1290 (cf.
1785 1234 1840 1279 ad
1864 1251 1904 1279 v.
1929 1232 2049 1291 367).
2099 1232 2186 1279 Sed
2217 1234 2299 1280 1100

132 1312 358 1356 vindicare
389 1313 494 1356 licet
523 1313 620 1371 ipso
652 1319 841 1369 auctore,
876 1313 949 1371 qui
982 1312 1038 1357 ad
1065 1329 1107 1356 v.
1130 1314 1218 1359 872
1251 1313 1488 1370 adnotavit,
1523 1320 1811 1369 tetrametros‚
1846 1314 1950 1371 quia
1980 1313 2035 1357 ad
2067 1313 2300 1371 lyricorum

132 1392 377 1434 carminum
399 1392 714 1435 sublimitatem
735 1392 915 1449 propius
937 1391 1207 1447 accederent,
1241 1392 1434 1449 recipere
1456 1393 1589 1435 etiam
1610 1392 1773 1435 formas
1795 1392 1946 1448 quales
1974 1400 2077 1435 sunt
2107 1393 2300 1447 πεδαίρω

133 1477 178 1512 et
201 1468 447 1526 Οὔλυμπος,
483 1485 509 1513 8
531 1469 801 1526 dialogorum
824 1484 1023 1513 sermone
1057 1469 1186 1527 vulgo
1219 1476 1422 1513 secretas.
1469 1468 1588 1512 Illud
1609 1468 1812 1513 addimus
1845 1469 1972 1524 ultr0,
2006 1469 2123 1527 quod
2146 1469 2301 1514 Λύσσα

131 1548 422 1606 oppositionis
455 1547 729 1593 extollendae
768 1548 910 1606 gratia
948 1548 1056 1592 dicit
1090 1549 1255 1598 παῖδας
1291 1547 1365 1599 οὓς
1400 1548 1520 1592 ἔτικτ’
1552 1549 1751 1603 ἐναίρων,
1785 1547 1948 1591 similia
1988 1548 2096 1591 alibi
2133 1548 2178 1591 in
2219 1548 2300 1592 hac

130 1627 280 1670 fabula
301 1627 401 1684 legi,
435 1643 476 1670 v.
503 1627 619 1671 1182
641 1627 754 1671 ἔτεκε
780 1630 862 1683 μέν
888 1643 974 1680 νιν,
1006 1625 1229 1683 τεκόμενος
1259 1627 1298 1670 δ’
1319 1627 1456 1677 ἔκανε,
1489 1643 1530 1671 v.
1557 1627 1671 1670 1367
1706 1625 1729 1669 ὁ
1753 1625 1898 1684 φύσας
1928 1629 2003 1669 καὶ
2034 1627 2168 1670 τεκών
2189 1625 2300 1683 ὑμᾶς

131 1703 270 1761 πατὴρ
303 1701 541 1749 ἀπώλεσεν.
590 1704 679 1749 Sed
710 1706 966 1763 praecipuas
999 1705 1263 1749 offensiones
1286 1706 1423 1748 voluit
1453 1705 1608 1749 cadere
1641 1706 1685 1748 in
1720 1712 1916 1748 extrema
1946 1705 2081 1748 verba
2111 1708 2213 1761 πρὶν
2243 1707 2300 1750 ἄν

130 1780 239 1839 ἐμὰς
259 1782 420 1834 λύσσας
442 1780 553 1845 ἀφῇ,
576 1799 837 1842 quamquam
858 1799 969 1841 quae
991 1783 1109 1840 dicit,
1133 1783 1369 1827 Herculem
1400 1783 1474 1826 diu
1496 1783 1582 1827 iam
1603 1783 1748 1826 furore
1780 1783 2013 1826 liberatum
2045 1799 2131 1826 non
2154 1791 2299 1828 tamen

130 1861 310 1905 caedem
331 1877 358 1905 a
379 1877 426 1905 se
452 1868 744 1920 perpetratam
772 1877 1022 1920 agnoscere,
1056 1862 1111 1906 iis
1143 1878 1232 1906 non
1259 1862 1443 1906 multum
1475 1862 1718 1917 tribuimus,
1752 1862 1957 1919 quoniam
1990 1878 2078 1904 non
2111 1862 2164 1905 de
2192 1870 2297 1906 tem-

131 1939 250 1997 poris
282 1947 443 1997 puncto
477 1941 621 1996 agitur
652 1939 730 1983 sed
763 1940 817 1983 de
848 1955 909 1996 re,
943 1947 986 1984 et
1001 1941 1105 1984 licet
1125 1940 1339 1983 Hercules
1371 1940 1681 1998 pedetemptim
1715 1940 1771 1983 ad
1802 1941 2124 1997 agnoscendam
2154 1957 2298 1984 rerum

130 2018 362 2061 veritatem
394 2017 665 2074 traducatur,
700 2017 1065 2076 quemadmodum
1085 2018 1242 2076 Agaue
1273 2019 1318 2061 in
1350 2017 1560 2074 Bacchis,
1595 2024 1742 2061 tamen
1775 2033 1827 2061 ea
1858 2033 1926 2061 res
1957 2026 2155 2061 movetur
2186 2019 2298 2061 sicut

131 2097 347 2140 Hercules
370 2112 393 2140 e
417 2111 570 2140 somno
593 2097 923 2155 expergefactus
946 2097 1000 2140 de
1032 2112 1113 2141 sua
1133 2096 1391 2140 condicione
1415 2097 1629 2140 sciscitari
1660 2097 1826 2154 incipit.
1877 2096 2066 2140 Gravius
2099 2097 2298 2139 videatur

131 2175 247 2232 quod
279 2173 434 2219 Λύσσα
467 2175 565 2233 ipsa
595 2183 663 2218 est
694 2190 806 2232 quae
843 2174 962 2218 dicat
991 2177 1095 2230 πρὶν
1130 2175 1189 2218 ἄν
1218 2173 1329 2231 ἐμάς
1359 2173 1523 2225 λύσσας
1553 2172 1668 2235 ἀφῇ,
1705 2175 1750 2217 1(1
1786 2175 1900 2231 (10οᾶ
1933 2173 2295 2217 Wilamowitzius

134 2255 230 2297 fieri
263 2255 458 2312 potuisse
489 2260 634 2311 negat.
680 2253 774 2297 Nos
807 2269 910 2297 vero
940 2252 1024 2297 1100
1046 2252 1311 2311 exquisitum
1343 2268 1481 2309 genus
1504 2252 1675 2297 dicendi
1709 2252 1920 2297 habemus
1952 2260 2081 2310 poeta
2111 2268 2200 2296 non
2231 2253 2295 2296 in·

135 2332 316 2388 dignum
341 2340 393 2375 set
425 2332 542 2389 quod
574 2331 644 2375 vel
681 2332 776 2375 sine
813 2331 1110 2388 exemplorum
1149 2330 1236 2374 fide
1268 2346 1347 2388 pro
1379 2346 1481 2374 vero
1514 2331 1755 2374 existimari
1787 2338 1996 2387 oporteat.
2058 2330 2295 2374 Enimvero

130 2409 246 2466 quod
270 2408 424 2454 Λύσσα
454 2409 613 2452 dicitur
643 2409 896 2452 hominibus
927 2407 1087 2458 λύσσας
1117 2408 1289 2451 mittere
1320 2423 1408 2450 non
1440 2408 1579 2463 magis
1612 2408 1770 2451 mirum
1803 2407 1940 2451 videri
1972 2414 2130 2464 potest,
2164 2423 2296 2464 quam

131 2488 249 2546 quod
282 2487 445 2546 Apollo
468 2486 679 2532 Θάνατον
711 2487 819 2531 dicit
848 2495 936 2538 τοῖς
966 2487 1169 2559 μέλλῶουσι
1199 2483 1402 2529 θάνατον
1433 2485 1639 2541 ἐμβαλεῖν
1670 2482 1857 2540 (Alcest.
1880 2481 1957 2541 50)
1987 2492 2063 2528 aut
2083 2485 2197 2543 apud
2220 2482 2296 2529 Se·

132 2582 287 2610 necam
308 2565 373 2622 (in
406 2566 600 2624 Thyeste
622 2563 700 2621 23)
721 2566 860 2609 Furia
881 2565 1058 2609 Tantali
1078 2564 1277 2608 umbram
1297 2565 1419 2607 iubet
1438 2570 1617 2622 penates
1649 2565 1807 2621 impios
1826 2564 1971 2620 furiis
2003 2580 2145 2621 agere.
2195 2563 2295 2618 Quo

130 2659 340 2689 concesso
372 2644 543 2702 reliqua
581 2659 691 2702 quae
731 2659 830 2688 cum
867 2643 951 2688 hac
982 2643 1223 2687 offensione
1262 2642 1494 2686 coniuncta
1530 2649 1633 2686 sunt
1668 2642 1756 2685 iam
1787 2641 1959 2686 facilius
1992 2642 2295 2700 expedientur.

133 2724 250 2769 Nam
289 2723 405 2783 quod
437 2722 802 2769 Wilamowitzius
839 2723 993 2767 scribit
1022 2722 1131 2767 haec
1160 2721 1259 2766 ideo
1291 2736 1463 2780 quoque
1500 2720 1679 2765 ferenda
1709 2737 1797 2764 non
1829 2736 1926 2765 esse
1959 2722 2062 2779 quia
2084 2718 2192 2765 ‘dea
2221 2722 2298 2765 ho-

130 2804 294 2848 minem
327 2818 467 2861 neque
499 2802 629 2847 homo
660 2802 879 2847 insaniam
911 2798 1142 2857 dimittat',
1174 2800 1462 2859 reputandum
1495 2807 1573 2855 est,
1607 2798 1789 2844 Λύσσαν
1815 2815 1905 2843 11011
1927 2800 2073 2844 dicere
2106 2803 2210 2857 πρὶν
2240 2802 2299 2844 ἄν

129 2884 206 2939 ἐμὲ
238 2880 332 2945 ἀφῇ
361 2880 646 2941 (quamquam
677 2881 748 2926 vel
778 2880 862 2925 hoc
893 2881 1069 2940 probari
1095 2880 1290 2939 potuisse
1323 2876 1577 2934 credideris)
1610 2878 1687 2922 sed
1726 2879 1841 2937 quod
1875 2880 1971 2924 sine
2011 2880 2297 2937 ambiguitate

129 2961 217 3006 dici
251 2968 438 3020 poterat,
479 2962 581 3016 πρὶν
613 2960 669 3003 ἂν
700 2956 807 3017 ἐμὰς
838 2958 999 3010 λύσσας
1028 2955 1137 3021 ἇφῇ,
1168 2957 1211 3001 11.
1235 2974 1271 3002 e.
1294 2973 1321 3001 a
1351 2973 1420 3001 me
1458 2958 1616 3002 missos
1654 2958 1822 3002 furores
1863 2959 2070 3002 dimittat.
2120 2957 2209 3002 Sed
2241 2961 2296 3002 ab

129 3040 283 3084 eodem
322 3040 536 3098 principio
577 3038 777 3097 profecti,
817 3039 922 3096 quia
951 3035 1157 3094 “ἆφιέναι
1193 3037 1355 3080 rectius
1393 3036 1512 3080 furor
1541 3036 1779 3080 Herculem
1817 3052 1949 3095 quam
1981 3037 2196 3081 Hercules
2234 3037 2296 3080 fu-

129 3114 291 3162 rorem'
327 3117 497 3161 dicatur
537 3122 581 3161 et
622 3101 734 3175 quia*
766 3114 927 3166 λύσσας
962 3115 1122 3174 plurali
1157 3130 1338 3159 numero
1380 3114 1467 3159 dici
1503 3115 1700 3160 insolens
1742 3116 1801 3160 sit
1838 3122 1915 3160 aut
1944 3131 2098 3174 parum
2132 3123 2294 3174 aptum,

129 3196 239 3241 haec
276 3213 364 3241 non
404 3195 590 3241 delenda
627 3195 706 3240 sed
737 3193 947 3239 mutanda
977 3209 1075 3239 esse
1106 3193 1207 3250 rati,
1247 3192 1303 3238 G.
1333 3192 1616 3239 Hermannus
1649 3195 1753 3251 πρὶν
1783 3195 1844 3239 ἂν
1874 3195 1977 3252 ἐμῆς
2007 3193 2165 3253 λύσσης
2195 3193 2296 3257 ὑφῇ,

129 3274 380 3333 Madvigius
418 3282 562 3319 autem
601 3276 702 3330 πρὶν
739 3274 796 3318 ἄν
833 3272 913 3330 ἐμὴ
947 3271 1083 3318 λύσσα
1115 3274 1190 3330 σφ’
1212 3269 1305 3333 ἀφῇ
1335 3272 1470 3317 scribi
1502 3273 1674 3329 iubent3
1718 3288 1900 3331 quorum
1934 3274 2062 3317 nobis
2094 3280 2297 3316 neutrum
