2478 3489
1204 139 1260 183 13

146 257 558 323 πολυμοχθότερον,
590 258 666 303 ubi
701 257 879 304 fuerunt
909 258 984 318 qui
1026 258 1137 311 ἴδοις
1173 258 1308 304 scribi
1347 258 1549 315 mallent,
1587 258 1726 303 ascito
1763 255 2020 318 Supplicum
2063 274 2193 303 versu
2230 259 2319 305 622

146 338 301 395 εἰδείης
331 337 389 382 ἄν
418 337 561 394 φίλων
584 321 745 395 εἰδείης
775 338 833 381 ἂν
863 335 995 393 τύχας
1025 336 1216 381 affirmat
1235 343 1429 396 'utroque
1460 337 1557 381 loco
1588 337 1744 394 εἰδείης
1775 337 1831 381 ab
1852 338 1964 388 ἴδοις
1985 337 2207 382 diversum
2230 353 2317 381 non

147 430 258 460 esse.
305 413 546 460 Possumus
577 414 665 459 alia
684 413 845 459 addere
866 413 988 459 velut
1006 413 1172 459 Phoen.
1197 414 1315 459 1328
1346 411 1424 459 οὔκ
1444 416 1506 466 εἰς
1526 413 1615 458 τόδ’
1635 412 1779 473 ἦλθον
1795 414 1903 459 ὥστε
1924 418 1997 458 καὶ
2018 413 2113 459 τάδ’
2134 415 2316 472 εἰδέναι;

146 493 254 538 ibid.
290 492 427 549 13583
461 490 605 538 Orest.
638 493 728 537 259
759 491 867 549 ὄρᾷς
894 491 982 548 γὰρ
1012 489 1143 537 οὐδὲν
1174 489 1237 536 οἷν
1267 492 1407 544 δοκεῖς
1436 491 1543 551 σάφ’
1563 493 1743 545 εἰδέναι,
1775 494 1848 536 ubi
1882 493 1993 537 ἰδεῖν
2024 494 2096 537 vel
2126 494 2314 543 εἰσιδεῖν,

147 571 570 629 concinnitate-ipsa
601 570 836 623 suadente,
875 566 1219 628 exspectaveris3
1253 570 1331 613 sed
1364 569 1629 613 credendum
1667 579 1736 613 est
1765 571 1931 613 εἰδέναι
1960 571 2007 614 id
2039 572 2314 628 significasse

148 648 265 707 quod
297 635 517 693 sententia
546 649 773 707 poscebat3
805 647 941 692 Rbes.
974 648 1064 692 658
1094 645 1157 703 χῶ
1187 648 1270 703 μὲν
1299 645 1377 691 οὐκ
1397 647 1523 698 εἰδὼς
1544 649 1672 703 λέγει,
1706 646 1730 691 ὅ
1751 648 1790 691 δ’
1806 649 1982 692 εἰσιδών
2001 648 2219 705 μολόντας
2239 646 2317 693 οὔκ

146 727 232 782 ἔχει
262 725 434 785 φράσαι
463 741 542 784 pro
574 725 702 777 εἰδώς
722 725 875 770 eadem
895 725 1066 769 ratione
1086 725 1206 769 ducti
1227 724 1335 769 ἰδών
1353 726 1526 769 restitui
1548 726 1796 781 voluerunt3
1820 740 1900 769 nos
1921 727 2031 769 illud
2051 728 2096 770 in
2128 726 2317 770 eundem

151 819 331 849 sensum
352 804 757 862 interpretabimur3
792 800 945 861 Suppl.
969 803 1058 848 396
1087 801 1232 856 λόγων
1251 819 1313 854 τις
1332 802 1537 858 ἐμποδών
1557 803 1623 847 ὅδ’
1638 805 1807 859 ἔρχεται
1828 801 2080 860 (Καδμεῖος,
2102 802 2161 855 ὡς
2181 806 2319 849 ἔοικεν

147 880 201 928 οὗ
232 881 339 941 σάφ’
360 879 511 939 εἰδότι)
542 882 672 940 κῆρυξ
703 881 745 926 h.
769 897 807 925 e.
833 880 899 925 ‘ut
928 880 1102 925 videtur
1132 882 1173 924 ei
1204 882 1279 940 qui
1310 895 1398 925 non
1429 882 1657 940 perspicue
1689 878 1919 939 cognovit‚'
1951 882 1990 926 si
2011 883 2188 941 quidem
2209 883 2318 927 haec

146 963 210 1007 ita
223 969 342 1006 recte
358 962 523 1020 scripta
538 967 642 1005 sunt
656 967 705 1005 ut
718 959 951 1019 plerisque,
970 958 1307 1004 Wilamowitzio
1324 975 1509 1018 quoque,
1533 960 1679 1004 visum
1696 969 1776 1004 est.
1809 961 1903 1004 Nec
1918 960 2029 1004 illud
2054 961 2316 1018 negligimus

147 1040 264 1098 quod
294 1040 539 1084 Immanuel
568 1039 797 1083 Bekkerus
830 1039 985 1083 scribit
1003 1038 1048 1081 in
1072 1038 1246 1082 schedis
1265 1038 1514 1082 Homericis
1536 1040 1563 1082 2
1587 1053 1628 1096 p.
1654 1041 1676 1082 1
1703 1054 1768 1096 sq.
1790 1039 1907 1097 apud
1936 1047 2105 1083 veteres
2134 1043 2317 1097 εἵσομαι,

145 1121 280 1161 εἴσεαι
310 1132 399 1160 non
428 1117 571 1161 solum
584 1114 753 1161 ‘sciam'
777 1116 855 1160 sed
876 1113 1010 1159 etiam
1023 1113 1214 1159 ‘videbo'
1238 1116 1442 1160 valuisse.
1492 1116 1617 1160 Haec
1639 1117 1742 1159 dum
1764 1124 2028 1174 reputamus,
2052 1131 2316 1174 quamquam

145 1211 233 1240 non
271 1195 490 1240 nescimus
526 1195 642 1239 inter
671 1195 773 1239 οἶδα
805 1201 849 1238 et
880 1193 1108 1238 modorum
1137 1194 1299 1238 formas
1331 1194 1436 1253 quid
1467 1195 1653 1251 intersit,
1689 1202 1836 1238 tamen
1868 1194 1986 1238 haud
2021 1195 2314 1253 improbabile

146 1288 244 1317 esse
282 1273 494 1329 ducimus,
534 1274 590 1317 ab
625 1272 701 1316 illo
739 1288 828 1316 non
865 1273 1058 1316 alienum
1093 1272 1230 1316 fuisse
1267 1273 1383 1331 quod
1421 1273 1467 1316 in
1503 1273 1574 1325 his
1607 1288 1694 1316 non
1732 1279 1877 1331 potest
1907 1288 1995 1316 non
2028 1274 2230 1330 agnosci:
2269 1274 2316 1315 in

146 1367 234 1410 qua
255 1367 301 1394 re
331 1351 416 1395 hoc
446 1350 684 1394 tenendum
716 1357 784 1394 est
813 1351 860 1393 in
891 1350 961 1394 his
993 1350 1117 1394 verbi
1139 1350 1291 1393 formis
1323 1350 1438 1409 quod
1462 1350 1644 1407 sciendi,
1679 1351 1984 1408 cognoscendi,
2019 1351 2316 1408 comperiendi

146 1430 491 1487 significationes
523 1429 823 1485 discernimus,
858 1429 938 1472 has
971 1428 1238 1472 differentias
1270 1430 1411 1485 magis
1444 1429 1500 1472 ad
1532 1437 1730 1472 nostrum
1757 1445 1925 1473 morem
1952 1429 2127 1473 dicendi
2155 1430 2315 1473 relatas

146 1507 300 1552 sentiri
332 1521 463 1565 quam
494 1506 610 1565 quod
641 1505 824 1550 Graecis
855 1505 964 1548 haec
996 1505 1169 1548 differre
1200 1506 1298 1549 visa
1328 1506 1429 1549 sint.
1494 1503 1581 1549 Sed
1605 1506 1653 1548 in
1674 1505 1932 1549 Phoenissis
1956 1507 2041 1549 141
2066 1521 2165 1549 cum
2187 1507 2316 1548 Anti-

146 1600 284 1643 gonae
314 1585 604 1643 interroganti
636 1582 688 1628 σὺ
713 1584 770 1635 δ’,
792 1582 828 1627 ὦ
857 1588 1003 1640 γέρον,
1034 1585 1126 1634 πῶς
1157 1582 1368 1627 αἰσθάνει
1398 1586 1552 1640 σαφῶς
1583 1583 1708 1638 τάδε,
1739 1583 2020 1642 paedagogus
2051 1583 2317 1642 respondeat

146 1666 280 1720 σημεῖ’
311 1662 418 1707 ἰδὼν
448 1662 533 1706 τότ’
564 1660 763 1706 ἀσπίδων
789 1661 1002 1717 ἐγνώρισα
1021 1693 1031 1704 .
1051 1693 1062 1704 .
1079 1662 1110 1704 ἃ
1132 1661 1459 1717 προσδεδορκὼς
1474 1662 1576 1705 οἶδα
1597 1661 1695 1712 τοὺς
1717 1661 2032 1718 ὡπλισμένους,
2063 1678 2149 1705 non
2168 1663 2315 1719 inepte

146 1742 267 1786 dicas
299 1742 400 1786 οἶδα
431 1756 527 1785 esse
552 1737 784 1797 ‘agnosco,'
819 1739 987 1783 scilicet
1017 1754 1072 1782 ex
1103 1739 1278 1782 indiciis
1306 1746 1437 1782 antea
1456 1740 1717 1797 conspectis.
1766 1740 1827 1783 Et
1847 1740 1892 1783 in
1914 1740 2093 1783 Electra
2114 1756 2140 1783 a
2164 1756 2202 1783 v.
2228 1741 2314 1783 765

146 1837 244 1865 cum
276 1820 386 1865 haec
416 1819 619 1877 legantur

591 1912 670 1943 ΗΛ.
722 1900 784 1947 τίς
816 1896 855 1939 δ’
875 1898 919 1939 εἶ
944 1895 1020 1950 615,-
1051 1897 1143 1946 πῶς
1173 1911 1248 1951 μοι
1279 1895 1409 1939 πιστὰ
1442 1899 1663 1952 σημαίνεις
1694 1895 1819 1951 wide,-

588 1991 689 2023 ΛΓΓ.
724 1973 806 2019 οὔκ
836 1977 957 2019 οἷσθ’
989 1971 1187 2033 ἀδελφοῦ
1216 1976 1259 2031 μ’
1282 1974 1493 2030 εἰσορῶσα
1524 1972 1801 2030 πρόσπολον,·

589 2070 666 2101 HA.
722 2052 758 2097 ὦ
788 2056 973 2111 φίλτατ’,
1005 2054 1051 2098 ἔκ
1082 2070 1148 2098 τοι
1179 2054 1381 2110 δείματος
1412 2055 1686 2108 δυσγνωσίαν

719 2135 836 2188 εἶχον
866 2131 1119 2188 προσώπου·
1153 2133 1233 2177 νῦν
1264 2133 1313 2175 δὲ
1343 2131 1566 2186 γιγνώσκω
1599 2147 1646 2175 σε
1676 2131 1746 2189 δή,

145 2215 183 2257 si
206 2213 308 2271 quid
330 2227 385 2256 ex
401 2226 612 2269 responso
631 2210 835 2267 colligere
851 2210 966 2263 licet,
991 2212 1128 2254 οἶσθα
1145 2210 1260 2267 quod
1278 2211 1405 2254 estin
1422 2210 1761 2267 interrogatione
1779 2209 2308 2267 interpretere‘ugnoscis-

141 2307 196 2335 ne
218 2306 288 2335 me
319 2286 562 2349 aspiciens,³
597 2295 644 2332 ut
674 2287 781 2332 ibid.
799 2288 887 2332 283
909 2285 961 2331 οὗ
981 2290 1132 2345 γνοίην
1155 2287 1214 2331 ἂν
1233 2286 1456 2331 εἰσιδοῦσά
1477 2304 1559 2331 νιν.
1608 2287 1668 2331 Et
1689 2302 1819 2344 quam
1840 2287 2017 2331 Electra
2038 2288 2309 2340 δυσγνωσίαν

143 2369 262 2427 dicit,
296 2368 513 2413 Hercules
546 2365 802 2422 δύσγνοιαν,
834 2364 1124 2423 cognoscendi
1154 2364 1455 2407 difficultatem
1484 2372 1610 2407 notat
1641 2379 1752 2422 quae
1774 2365 2003 2422 utrobique
2025 2379 2081 2407 ex
2102 2380 2152 2407 eo
2174 2366 2311 2408 oritur

144 2449 262 2508 quod
294 2456 339 2491 et
369 2449 442 2491 hic
473 2454 518 2490 et
547 2448 626 2489 illa
660 2443 737 2489 οὔκ
767 2446 859 2488 οἶδε
889 2459 1000 2502 quae
1033 2445 1183 2487 voluit.
1246 2444 1370 2486 Haec
1400 2458 1513 2500 quae
1545 2444 1720 2486 selectis
1748 2445 1899 2500 paucis
1927 2444 2140 2501 exemplis
2170 2444 2308 2487 disse-

142 2529 308 2570 ruimus
340 2542 429 2569 non
462 2526 723 2568 confidimus
754 2526 841 2566 iam
871 2523 1120 2566 satisfacere
1150 2523 1205 2564 ad
1228 2522 1533 2564 stabiliendam
1555 2522 1675 2564 illam
1698 2537 1828 2578 quam
1852 2522 2038 2564 dicimus
2060 2523 2162 2564 οῖδα
2184 2524 2308 2565 verbi

141 2606 508 2663 significationem
546 2618 807 2661 versumque
846 2602 927 2645 hoc
959 2601 1135 2644 nomine
1167 2606 1417 2657 suspectum
1449 2599 1697 2657 suspicione
1737 2599 2009 2655 solvendum,
2049 2600 2128 2643 sed
2160 2607 2308 2644 tamen

140 2690 310 2727 tantum
341 2683 528 2726 fortasse
560 2681 823 2737 videbuntur
854 2679 1013 2734 valere,
1047 2694 1102 2721 ne
1134 2677 1432 2735 imprudenter
1452 2678 1684 2721 abiiciatur
1715 2677 1831 2733 quod
1861 2693 2012 2721 verum
2034 2693 2133 2722 esse
2153 2680 2307 2736 possit.

356 2761 523 2805 Versus
555 2760 678 2814 alter,
708 2773 837 2815 quem
854 2757 1216 2801 Wilamowitzius
1237 2756 1293 2799 ab
1310 2755 1462 2799 eadem
1479 2771 1610 2799 manu
1624 2754 1888 2813 Euripideae
1904 2756 2095 2799 orationi
2110 2768 2309 2800 assutum

140 2854 238 2883 esse
269 2839 434 2895 statuit,
467 2844 536 2882 est
569 2838 699 2882 1162.
747 2834 962 2879 Hercules
995 2834 1228 2892 compertis
1259 2848 1372 2891 quae
1403 2834 1575 2877 insania
1606 2841 1830 2891 correptus
1852 2834 2003 2890 egerit,
2038 2849 2139 2878 cum
2160 2849 2310 2879 secum

141 2917 325 2962 consilia
354 2917 507 2962 mortis
539 2916 689 2973 agitat,
721 2915 769 2958 in
800 2913 870 2957 his
901 2913 1240 2970 cogitationibus
1272 2911 1430 2955 Thesei
1462 2911 1652 2954 adventu
1679 2912 1879 2955 turbatur
1906 2919 2038 2969 atque
2058 2912 2307 2970 impeditur.

716 2990 811 3038 ἀλλ’
842 2990 1048 3049 ἐμποδών
1077 3008 1153 3046 μοι
1183 2994 1447 3047 θανασίμων
1476 2989 1787 3047 βουλευμάτων

716 3071 882 3130 Θησεὺς
911 3070 978 3116 ὅδ’
1009 3073 1130 3127 ἕρπει
1160 3067 1364 3126 συγγενὴς
1394 3069 1522 3126 φίλος
1552 3070 1587 3112 τ’
1618 3066 1735 3125 ἐμός.

536 3153 652 3197 1155
715 3148 1060 3208 ὄφθησόμεσθα,
1090 3151 1164 3193 καὶ
1194 3146 1472 3193 τεκνοκτόνον
1500 3146 1636 3204 μύσος

713 3232 774 3281 εἰς
805 3229 977 3286 ὄμμαθ’
1008 3228 1096 3284 ἥξει
1126 3225 1320 3285 φιλτάτῳ
1352 3229 1488 3279 ξένων
1518 3227 1651 3284 ἐμῶν.

713 3312 846 3365 οἴμοι,
877 3312 917 3351 τί
947 3305 1116 3362 δρόσοις
1148 3306 1235 3351 ποῦ
1264 3306 1408 3350 κακῶν
1437 3305 1621 3362 ἐρημίαν
