2478 3489
1220 107 1279 151 22

156 226 384 283 probabile
417 241 514 269 esse
547 232 623 268 aut
643 226 762 269 illius
795 227 1005 271 emtionis
1035 227 1295 284 dignitatem
1326 227 1501 284 assequi
1535 225 1719 269 videtur.
1768 225 1838 269 De
1869 227 2028 284 plurali
2060 234 2203 271 autem
2236 227 2333 273 λύσ-

158 318 231 347 σαι
263 304 468 361 quoniam
504 304 750 348 dubitatum
784 312 863 360 est,
898 305 981 349 hoc
1012 306 1201 362 primum
1234 304 1439 359 dicimus,
1472 304 1687 361 pluralem
1718 318 1946 347 numerum
1980 304 2048 347 vel
2078 304 2188 347 haec
2218 306 2333 349 tueri

160 396 291 438 posse
323 397 434 438 quae
466 382 512 424 in
545 381 629 424 hac
660 382 887 438 tragoedia
917 382 1138 438 leguntur,
1179 382 1269 425 835
1305 385 1468 438 μανίας
1498 382 1567 425 ἐπ’
1587 378 1718 436 ἀνδρὶ
1749 381 1858 440 τῷδε
1887 385 1994 424 κίνει
2025 388 2069 424 et
2099 381 2189 425 878
2221 379 2334 432 ὄλεῐς

156 462 384 513 μανίαισιν
405 457 604 512 Λύσσαςς
637 465 681 502 et
712 459 777 502 sic
809 474 938 517 saepe
959 464 1115 516 μανίαι
1136 460 1181 502 in
1204 457 1361 503 Oreste
1393 466 1438 502 et
1467 459 1511 502 in
1545 457 1747 515 Bacchis,
1780 459 1826 503 in
1849 458 2008 503 Oreste
2040 459 2172 503 etiam
2204 457 2334 516 (270)

157 538 387 593 ἐκφοβοῖεν
432 535 641 594 μανιάσιν
678 535 963 595 λυσσήμασινς
1011 545 1104 581 tum
1140 538 1186 580 in
1223 537 1308 581 hac
1345 538 1565 581 sententia
1601 553 1698 581 eam
1740 538 1883 596 ipsam
1920 538 1977 581 ob
2016 552 2193 581 causam
2230 538 2336 597 quia

157 614 313 659 Λύσσα
346 622 414 659 est
446 631 557 672 quae
579 616 771 675 loquitur
791 614 953 665 λύσσας
973 622 1195 673 tamquam
1219 631 1329 673 quas
1352 616 1546 660 effecerit
1566 614 1721 660 Λύσσα
1752 616 1897 674 aptius
1919 615 2058 659 videri
2091 616 2178 659 dici
2201 632 2333 674 quam

159 694 371 751 singulari
410 710 590 737 numero
632 692 809 738 λύσσαν.
863 691 994 747 Quod
1033 710 1136 737 vero
1174 694 1456 739 Hermannus
1487 695 1643 738 maluit
1670 694 1873 752 πρὶνᾶν
1907 695 2012 752 ἔμῆς
2041 693 2198 753 λύσσης
2228 693 2333 758 ὑφῇ,

158 773 260 830 quia
280 773 533 815 Herodotus
556 771 615 829 (1,
644 769 750 829 156)
772 771 894 823 ὑπεὶς
925 775 996 830 τῆς
1027 771 1156 831 ὀργῆς
1188 773 1376 831 scripsit,
1410 773 1565 832 quidni
1597 773 1811 832 Aeschyli
1833 774 1967 819 verba
1995 773 2049 818 de
2070 773 2334 818 Prometheo

159 852 422 894 conferimus
455 849 583 907 (319)
615 851 669 901 ἃς
706 852 814 906 ἔχεις
845 849 981 907 ὄργας
1020 851 1155 909 ἄφες,
1193 852 1264 894 vel
1301 851 1410 895 haec
1446 853 1491 895 in
1530 852 1758 911 Euripidis
1790 852 1959 897 Alcest.
1983 853 2072 897 794
2103 852 2180 910 τῆν
2217 852 2335 905 ἄγαν

158 928 298 986 λύπην
331 927 458 986 ἀφείς
491 930 560 972 vel
592 930 669 972 illa
700 930 747 972 in
775 927 932 972 Oreste
964 927 1124 985 (1021)
1157 930 1316 987 quibus
1349 929 1529 974 Orestes
1561 930 1781 974 Electram
1814 945 2006 974 sororem
2038 938 2182 974 tacere
2212 931 2337 974 iubet

158 1006 211 1051 οὗ
242 1010 325 1061 σῖγ’
351 1005 513 1065 ἀφεῖσα
542 1007 640 1057 τοὺς
660 1012 930 1059 γυναικείους
949 1007 1095 1061 γόους,
1129 1014 1173 1050 et
1194 1007 1357 1051 similia
1376 1008 1527 1063 multa,
1563 1015 1610 1051 ut
1632 1008 1709 1052 illa
1729 1010 1832 1064 πρὶν
1853 1010 1910 1052 ἂν
1930 1008 2040 1064 ἐμὰς
2061 1007 2221 1058 λύσσας
2242 1006 2337 1070 ἀφῇ

158 1087 385 1142 vulgarem
419 1085 592 1128 dicendi
627 1086 988 1129 consuetudinem
1022 1086 1146 1143 sequi
1178 1085 1462 1142 intelligatur.
1510 1085 1739 1130 Postremo
1770 1101 1826 1129 ne
1847 1084 1956 1130 illud
1989 1086 2166 1144 quidem
2197 1087 2333 1144 negli-

159 1164 348 1222 gendum
382 1172 461 1219 est,
496 1179 581 1222 quo
610 1164 740 1207 modo
772 1164 817 1206 in
851 1163 1076 1221 tragoedia
1097 1164 1195 1221 ipsa
1225 1164 1394 1207 furores
1416 1163 1623 1209 Herculis
1646 1164 1787 1209 sedati
1808 1179 1859 1208 ac
1882 1164 2083 1223 dissipati
2117 1165 2330 1222 dicantur,

159 1245 232 1301 qui
267 1243 462 1286 Palladis
494 1259 627 1285 manu
660 1242 805 1299 lapide
837 1243 973 1285 misso
1006 1258 1239 1299 percussus
1270 1243 1348 1286 ubi
1379 1243 1543 1286 corruit
1574 1244 1696 1300 gravi
1729 1258 1883 1286 somno
1915 1244 2083 1301 sopitus
2115 1244 2241 1299 iacet,
2277 1259 2332 1287 ex

159 1337 243 1379 quo
276 1321 472 1375 tandem,
517 1321 644 1363 sicuti
679 1319 832 1364 Λύσσα
876 1320 1106 1378 praedicit,
1153 1320 1231 1371 τὰς
1262 1320 1424 1371 λύσσας
1462 1318 1590 1379 ἀφείς
1634 1321 1961 1379 expergiscitur.
2011 1321 2166 1379 Itaque
2203 1322 2332 1365 nobis

157 1401 279 1444 haec·
298 1415 410 1458 quae
432 1398 586 1443 Λύσσα
620 1399 727 1442 dicit
749 1399 920 1444 illibata
943 1415 1040 1443 esse
1072 1398 1276 1443 videntur
1296 1415 1438 1458 neque
1470 1400 1629 1443 mutari
1661 1414 1790 1458 posse
1813 1400 1918 1458 quin
1953 1400 2020 1444 vis
2049 1408 2093 1444 et
2124 1407 2333 1446 venustas

160 1479 372 1522 orationis
404 1478 605 1521 violetur.

669 1558 743 1599 καὶ
774 1555 1027 1613 καταρρήξω
1059 1557 1267 1613 μέλαθρα
1299 1559 1372 1599 καὶ
1405 1555 1564 1613 δόμους
1595 1557 1827 1612 ἐτημβαλῶ

512 1636 602 1679 865
665 1637 775 1677 τέκν’
807 1631 1100 1678 ἀποκτείνασα
1133 1637 1324 1690 πρῶτον·
1358 1633 1383 1677 ὁ
1417 1635 1465 1678 δὲ
1496 1636 1644 1679 κανῶν
1674 1620 1752 1678 οὗτε
1781 1637 1939 1678 εἴσεται

669 1714 832 1762 παῖδας
864 1713 938 1763 οὓς
969 1713 1088 1755 ἔτικτ’
1121 1714 1307 1769 ἐναίρων
1338 1715 1442 1769 πρὶν
1473 1715 1530 1756 ἄν
1560 1711 1670 1769 ἐμὰς
1700 1711 1863 1762 λύσσας
1894 1709 1999 1774 ἆφῇ.

379 1791 453 1834 Ab
492 1790 562 1834 his
599 1791 799 1834 versibus
833 1806 993 1834 novam
1026 1791 1243 1835 nectimus
1277 1790 1596 1835 dubitationem
1629 1790 1683 1834 de
1715 1791 1886 1835 cantico
1919 1789 2040 1835 chori
2072 1790 2188 1849 quod
2219 1791 2333 1836 inse-

162 1871 308 1927 quitur
339 1866 633 1925 (875—909),
667 1869 715 1911 in
747 1859 845 1926 quo*
866 1868 1143 1927 explanando
1171 1868 1443 1912 admirabilis
1467 1866 1797 1912 Wilamowitzii
1825 1868 2020 1913 sollertia
2040 1869 2333 1927 exsplenduit.

161 1946 251 2000 Qui
288 1947 465 2005 quidem
497 1954 733 1989 metrorum
772 1947 1030 2004 compositio
1067 1961 1179 2004 quae
1217 1953 1333 1989 esset
1373 1953 1417 1989 et
1455 1946 1771 1990 sententiarum
1803 1953 1998 1990 tenorem
2030 1947 2093 1990 ita
2124 1947 2337 2004 explicuit

160 2033 208 2067 ut
240 2025 400 2068 cantici
432 2025 670 2082 particulas
704 2040 730 2067 a
761 2024 1045 2067 lamentantis
1083 2024 1421 2081 Amphitryonis
1462 2024 1645 2067 vocibus
1678 2039 1790 2081 quae
1823 2040 1876 2068 ex
1906 2025 2112 2068 interiore
2145 2024 2274 2068 domo
2308 2041 2336 2067 a

160 2103 340 2147 senibus
373 2102 491 2146 chori
526 2102 856 2160 perciperentur
882 2101 1073 2159 pendere
1101 2101 1245 2146 vellet.
1301 2099 1438 2146 Cuius
1461 2102 1523 2146 rei
1546 2101 1630 2146 etsi
1652 2101 1867 2159 quaedam
1892 2117 1997 2146 sane
2019 2101 2185 2145 indicia
2205 2102 2335 2146 facile

160 2186 469 2238 agnoscuntur,
494 2180 615 2223 velut
635 2180 719 2223 891
747 2178 798 2222 ἰώ
822 2182 982 2233 στέγαι.
1006 2176 1023 2235 ΙΙ
1048 2177 1315 2235 Κατάρχεται
1345 2177 1536 2236 χόρευμα
1558 2176 1632 2235 (cf.
1657 2179 1745 2224 749
1767 2177 1873 2237 sq.)3
1906 2180 1995 2225 899
2016 2182 2114 2224 αἰαῖ
2133 2181 2293 2224 κακῶν.
2314 2176 2332 2236 ΙΙ

160 2261 275 2303 Aia?
304 2259 410 2315 δῆτα
451 2255 524 2315 (cf.
558 2257 690 2302 Anal.
725 2256 925 2315 Euripid.
959 2272 1002 2315 p.
1032 2253 1128 2313 61),
1168 2264 1316 2301 tamen
1349 2265 1392 2300 et
1423 2257 1531 2301 haec
1569 2264 1613 2301 et
1642 2256 1811 2316 reliqua
1843 2265 1962 2302 certa
1993 2258 2228 2302 admodum
2260 2266 2337 2302 aut

160 2353 371 2395 expressa
401 2353 490 2380 non
524 2352 620 2380 esse
653 2337 748 2393 ipse
773 2335 1138 2379 Wilamowitzius
1169 2335 1330 2379 fatetur
1361 2343 1405 2379 et
1436 2352 1548 2395 quae
1580 2336 1777 2380 eiusdem
1808 2338 1981 2395 generis
2002 2352 2135 2395 supra
2155 2339 2199 2381 in
2221 2337 2335 2396 Lyci

160 2417 292 2459 caede
332 2417 551 2459 habentur
582 2413 862 2470 (749—754)
901 2415 1118 2471 apertiora
1150 2414 1327 2472 quidem
1361 2422 1463 2458 sunt
1495 2424 1541 2458 ut
1572 2416 1737 2472 ambigi
1768 2431 1857 2459 non
1889 2416 2041 2474 possit.
2106 2414 2194 2460 Sed
2226 2415 2334 2459 haec

158 2503 256 2538 utut
286 2510 335 2538 se
366 2495 543 2549 habent,
577 2509 721 2551 neque
755 2495 872 2536 enim
900 2494 1136 2550 quicquam
1158 2493 1365 2536 fidentius
1387 2509 1703 2549 asseveramus,
1738 2493 1792 2536 de
1814 2501 2010 2537 extrema
2030 2502 2151 2552 parte
2174 2496 2335 2538 cantici

160 2573 360 2616 videmur
390 2573 519 2615 nobis
553 2572 707 2615 afferre
739 2586 882 2629 posse,
917 2571 1077 2628 quibus
1111 2571 1353 2628 simplicior
1384 2571 1701 2628 interpretandi
1732 2572 1856 2627 ratio,
1890 2586 2020 2629 quam
2050 2572 2247 2630 plerique
2269 2588 2336 2616 se-

160 2658 365 2709 quuntur,
399 2651 540 2706 magis
562 2650 882 2707 comprobetur,
918 2663 1051 2705 quam
1073 2663 1185 2705 quae
1208 2663 1234 2690 a
1249 2646 1591 2691 Wilamowitzio
1614 2648 1840 2706 ingeniose
1863 2649 1978 2693 haud
2001 2650 2133 2695 dubie
2153 2651 2336 2695 inventa

162 2738 205 2773 et
238 2729 440 2786 exposita
472 2736 587 2772 sunt.
655 2725 767 2770 Cum
800 2728 917 2769 enim
951 2734 1105 2768 cantus
1138 2727 1184 2768 in
1218 2727 1298 2769 hos
1330 2741 1483 2769 versus
1518 2726 1691 2770 desinat

514 2806 602 2849 905
666 2801 763 2848 ἷδου
795 2803 906 2857 tamt,

668 2882 839 2929 θύελλα
871 2887 972 2927 σείει
1003 2882 1143 2938 δῶμα,
1177 2886 1407 2939 συμπίπτει
1438 2887 1573 2940 στέγη.

670 2961 696 3020 ἦ
727 2950 771 3020 ἦ,
803 2966 841 3005 τί
873 2962 998 3017 δρᾶς,
1031 2959 1067 3004 ὦ
1098 2960 1205 3011 Διὸς
1239 2971 1335 3013 παῖ’,
1366 2961 1602 3019 μελάθρῳς

668 3040 875 3097 τάραγμα
906 3039 1162 3096 ταρτάρειον
1195 3038 1254 3090 ὥς

670 3120 737 3163 ἐπ’
758 3116 1007 3178 Ἐγκελάδῳ
1040 3120 1143 3164 ποτὲ
1180 3119 1361 3170 Παλλὰς
1391 3121 1435 3171 ἐς
1467 3119 1630 3177 δόμους
1661 3123 1859 3176 πέμπεις,

160 3200 269 3243 duos
302 3200 467 3258 primos
491 3198 858 3243 Wilamowitzius
890 3198 1206 3257 Amphitryoni
1240 3197 1464 3256 adscribit,
1498 3199 1574 3258 qui
1607 3213 1706 3243 cum
1738 3198 1916 3243 domum
1948 3198 2113 3242 moveri
2142 3212 2194 3242 ac
2220 3203 2338 3241 tecta

159 3280 331 3323 ruinam
364 3279 523 3322 minari
556 3278 754 3337 aspiciat,
789 3277 1128 3335 perterrefactus
1161 3278 1205 3320 in
1240 3278 1447 3322 interiore
1468 3285 1593 3336 parte
1615 3277 1770 3321 domus
1791 3276 1868 3321 illa
1889 3276 2084 3321 canendo
2106 3281 2339 3334 expromat
