2478 3489
1221 113 1278 158 19

161 234 300 277 altero
330 234 436 290 μιᾶς
467 230 646 276 ἅπαντα
676 232 817 290 χειρὸς
842 234 966 287 ἔργα,
998 233 1114 291 quod
1136 249 1234 278 cum
1256 251 1298 278 v.
1317 234 1407 279 565
1428 237 1499 291 τῆς
1520 236 1622 291 ἐμῆς
1642 236 1770 290 ἔργον
1796 235 1919 291 χερός
1945 236 2133 279 conferri
2165 236 2328 279 rectius

161 311 315 369 possit.
363 308 451 354 Sed
482 311 588 355 illuc
617 311 823 355 redimus.
871 311 1114 355 Venustam
1146 313 1262 355 enim
1295 312 1622 369 simplicitatem
1643 314 1859 356 sentiendi
1881 329 2015 371 quam
2037 314 2228 357 diximus
2249 314 2326 357 sed

161 405 262 433 cum
293 388 544 433 acerbitate·
562 389 748 433 mixtam
780 390 1060 447 agnoscimus
1089 377 1226 434 etiam
1256 391 1312 449 511,
1334 396 1529 434 extrema
1559 390 1765 435 Herculis
1796 393 1992 436 oratione
2032 407 2121 450 qua
2159 392 2329 436 salvere

161 468 285 511 iubet
304 474 491 524 patrem,
529 467 868 512 valedicit-filiis
901 476 945 511 et
977 469 1149 526 coniugi
1182 485 1262 513 sua
1292 485 1426 512 manu
1458 469 1638 513 occisis:
1685 486 1740 512 ex
1770 485 1858 527 qua
1895 471 1965 515 vel
1996 471 2074 515 illa
2105 471 2190 514 huc
2220 470 2328 514 refe·

161 545 300 594 reuda
330 552 433 591 sunt
463 546 623 605 quibus
655 562 802 591 curam
834 545 1076 605 sepeliendi
1105 553 1300 592 mortuos
1332 546 1445 606 patri
1478 545 1659 591 mandat
1690 564 1730 592 v.
1757 548 1874 593 1360

477 628 481 631 ’
740 625 816 677 δὸς
846 624 999 670 τούσδε
1028 624 1176 684 τύμβῳ
1206 629 1280 670 καὶ
1311 627 1576 683 περίστειλον
1608 626 1780 682 νεκροὺς

739 702 966 761 δακρύοισι
995 706 1130 760 τιμῶν
1159 704 1254 760 (ἐμὲ
1284 704 1371 760 γὰρ
1402 702 1480 748 οὒκ
1510 705 1563 759 ἐᾷ
1595 703 1746 760 νόμος)

741 781 847 838 πρὸς
878 784 1012 838 στέρν’
1047 783 1214 838 ἐρείσας
1249 786 1375 840 μητρὶ
1406 781 1511 834 δούς
1543 784 1576 826 τ’
1607 784 1652 833 ἐς
1683 780 1896 836 ἀγκάλας,

740 864 974 905 κοινωνίαν
1003 859 1227 918 δύστηνον,
1259 861 1312 925 ἣν
1342 858 1427 915 ἐγὼ
1460 861 1597 911 τάλας

741 937 907 983 dmin&
937 938 1073 990 ἄκων,

165 1017 326 1076 quibus
354 1016 719 1061 Wilamowitzius
746 1017 1041 1075 pulcherrima
1067 1015 1315 1061 Goethiana
1345 1017 1398 1060 de
1426 1017 1591 1061 Fausto
1624 1017 1879 1074 adscripsit3
1913 1024 1957 1060 et
1981 1017 2090 1061 haec
2117 1018 2170 1061 de
2198 1019 2329 1061 armis

163 1112 276 1155 quae
308 1096 513 1154 disputat,
549 1101 694 1139 utrum
724 1095 944 1153 relinquat
975 1111 1032 1139 an
1063 1111 1211 1140 secum
1243 1096 1373 1139 ducat
1404 1113 1445 1139 v.
1473 1096 1589 1140 137ss

1149 1172 1186 1216 ὦ
1216 1175 1371 1229 λυγραὶ
1401 1174 1658 1231 φιλημάτων

742 1255 930 1310 τέρψεις,
962 1253 1117 1308 λυγραὶ
1148 1253 1197 1295 δὲ
1228 1253 1353 1296 τῶνδ’
1385 1253 1533 1296 ὅπλων
1563 1256 1800 1296 κοινωνίαι.

742 1327 951 1386 ἀμηχανῶ
981 1329 1068 1386 γάρ
1099 1328 1249 1386 πότερ’
1284 1331 1368 1384 ἔχω
1401 1330 1501 1374 τάδ’
1533 1331 1558 1387 ἢ
1587 1332 1734 1386 μεθῶ,

741 1407 772 1451 ἃ
803 1406 969 1464 πλευρὰ
1000 1405 1116 1466 τᾶμὰ
1148 1412 1446 1466 προσπίτνοντ’
1477 1410 1569 1466 ἐρεῖ
1597 1407 1701 1452 τάδε

566 1485 682 1530 1380
736 1484 862 1543 ‘buta’
892 1489 1000 1530 τέκν’
1032 1487 1140 1538 εἷλες
1170 1490 1243 1531 καὶ
1274 1487 1492 1544 δάμαρθ’·
1526 1487 1640 1544 ἡμᾶς
1671 1488 1779 1542 ἔχεις

743 1564 1055 1616 παιδοκτόνους
1086 1563 1211 1617 σούςῖ
1245 1568 1322 1610 εἶτ’
1352 1567 1436 1621 ἐγώ
1466 1565 1565 1610 τάδ’
1597 1563 1780 1617 ὠλέναις

743 1646 869 1694 oium
901 1647 940 1687 τί
969 1645 1171 1700 φάσκων,·
1203 1641 1317 1689 ἀλλὰ
1348 1646 1594 1701 γυμνωθεὶς
1624 1643 1786 1698 ὅπλων,

744 1719 825 1773 ξὺν
854 1721 919 1772 οἷς
950 1722 1003 1765 τὰ
1034 1720 1228 1767 κάλλιστ’
1264 1724 1464 1778 ἐξέπραξ’
1495 1724 1544 1767 ἒν
1568 1721 1760 1773 Ἑλλάδι,

743 1799 923 1855 ἐχθροῖς
952 1798 1143 1856 ἐμαυτόν
1175 1799 1411 1857 ὑποβαλών
1443 1803 1628 1857 αἰσχρῶς
1659 1800 1814 1852 θάνοις

567 1876 684 1921 1385
746 1874 798 1921 οὗ
828 1880 1025 1922 λειπτέον
1054 1878 1167 1929 τάδ’,
1198 1878 1369 1929 ἀθλίως
1401 1880 1449 1922 δὲ
1481 1884 1679 1935 σῳστέον.

165 1954 223 1999 In
259 1954 328 1998 his
367 1954 566 1999 videmur
607 1955 774 2014 aliquid
805 1955 966 2001 addere
997 1972 1128 2015 posse
1159 1956 1214 2000 ad
1247 1972 1316 2012 ea,
1359 1957 1517 2015 quibus
1550 1956 1915 2002 Wilamowitzius
1953 1955 2062 1999 haec
2093 1955 2228 1999 verba
2260 1970 2332 1998 ex-

164 2033 340 2091 plicuit3
373 2033 466 2091 qui,
507 2033 624 2091 quod
644 2033 858 2078 Hercules
890 2050 1013 2078 arma
1033 2050 1113 2079 sua
1133 2034 1445 2086 παιδοκτόνους
1475 2035 1666 2093 appellet
1696 2035 1822 2093 quasi
1854 2034 2031 2077 caedem
2063 2049 2153 2076 non
2178 2034 2329 2076 volun·

166 2112 326 2157 tariam
357 2127 384 2155 a
415 2126 462 2155 se
484 2111 668 2168 amoliri,
701 2112 746 2156 in
769 2128 891 2156 arma
912 2113 1112 2157 traiicere
1135 2113 1253 2169 velit,
1277 2112 1392 2157 hanc
1413 2112 1566 2171 culpae
1587 2113 1811 2157 notionem
1834 2113 2053 2157 veteribus
2075 2112 2332 2156 familiarem

165 2189 336 2234 erudite
373 2189 598 2248 explanat:
639 2190 755 2249 quod
794 2198 938 2235 tamen
980 2206 1065 2250 quo
1107 2192 1201 2236 iure
1229 2193 1278 2255 jn
1301 2192 1418 2237 hunc
1437 2192 1581 2237 locum
1603 2192 1758 2237 cadere
1787 2192 1989 2236 credatur
2010 2190 2222 2235 dubitatio
2245 2197 2330 2234 est:

168 2284 250 2312 nos
272 2274 388 2312 certe
409 2271 558 2312 movet
578 2269 718 2326 magis
740 2269 949 2313 orationis
972 2278 1191 2326 venustas,
1226 2285 1314 2328 qua
1345 2270 1462 2328 quod
1493 2270 1587 2328 ipse
1619 2287 1707 2314 non
1728 2278 1871 2328 potest
1901 2286 1989 2314 non
2011 2270 2200 2326 cogitare
2233 2283 2331 2312 con-

167 2347 331 2406 spectis
363 2348 496 2393 armis
534 2345 625 2392 ‘his
664 2357 711 2392 tu
747 2347 862 2393 filios
894 2356 938 2392 et
969 2348 1196 2406 coniugem
1233 2345 1458 2393 mactasti'
1499 2348 1542 2392 id
1576 2349 1673 2407 ipsa
1704 2364 1825 2393 arma
1857 2348 1942 2393 sibi
1973 2347 2206 2406 opprobrio
2239 2361 2331 2391 ver·

168 2427 307 2471 tentia
342 2426 449 2471 facit
485 2427 576 2482 ἐρεῖ
609 2425 713 2471 τάδε
736 2425 749 2441 ‘
767 2423 868 2483 ἡμῖν
906 2428 1015 2471 τέκν’
1043 2424 1171 2478 εἷλεςῗ
1226 2428 1373 2485 Atque
1404 2426 1451 2470 id
1484 2442 1655 2485 quoque
1698 2427 1919 2471 veteribus
1960 2441 2048 2470 non
2086 2425 2331 2469 inauditum

165 2521 307 2562 genus
344 2512 427 2561 est,
469 2520 554 2562 quo
588 2504 846 2549 Theocritus
885 2520 988 2550 usus
1028 2505 1178 2549 scribit
1212 2507 1256 2561 1,
1290 2506 1351 2549 50
1381 2505 1434 2548 de
1467 2506 1603 2548 altera
1641 2505 1770 2562 vulpe
1809 2503 1839 2547 ἁ
1872 2504 1911 2547 δ’
1932 2505 2004 2547 ἐπὶ
2035 2503 2154 2560 πήρᾳ
2185 2502 2332 2547 πάντα

167 2583 302 2629 δόλου
333 2581 545 2628 κεύθοισα
576 2580 624 2627 τὸ
654 2582 832 2627 παιδίον
862 2580 916 2627 οὗ
946 2584 1048 2639 πρὶν
1078 2579 1252 2641 ἇνησεῒν
1283 2584 1391 2641 φατὶ
1422 2585 1524 2640 πρὶν
1550 2579 1852 2639 ἣᾶκράτιστον
1871 2582 1944 2626 ἐπὶ
1964 2584 2128 2639 ξηροῖσι
2149 2584 2312 2640 καθίξῃ
2320 2602 2332 2635 3

167 2670 214 2706 et
254 2660 552 2719 Xenophanes
597 2663 714 2712 οἶνος
753 2661 792 2705 δ’
829 2661 943 2705 ἐστὶν
987 2664 1175 2718 ἕτοιμος,
1219 2661 1265 2712 ὃς
1308 2660 1465 2706 οὔποτε
1501 2663 1604 2719 φησὶ
1646 2659 1910 2717 προδώσειν,·
1965 2668 2009 2703 et
2039 2659 2335 2718 Anthologiae

165 2755 322 2785 versus
348 2742 388 2785 εἰ
413 2738 567 2792 κόκκυξ
588 2742 771 2794 τέττιγος
791 2740 882 2796 ἐρεῖ
899 2738 1180 2797 λιγυράτερος
1200 2741 1328 2792 εἶναι,
1351 2754 1462 2798 quae
1483 2739 1538 2783 ad
1563 2754 1734 2783 versum
1756 2738 2063 2782 Theocriteum
2084 2738 2335 2782 Meinekius

167 2819 424 2878 adscripsitt,
462 2825 633 2877 poterat
669 2819 803 2863 etiam
834 2818 1050 2877 Propertii
1091 2834 1242 2863 versus
1283 2818 1515 2863 memorari
1553 2819 1601 2874 2,
1635 2818 1715 2873 32,
1748 2819 1805 2862 35
1841 2833 1919 2862 nec
1955 2819 2098 2861 minus
2133 2820 2182 2861 in
2221 2818 2335 2862 caelo

166 2913 336 2956 temper
372 2897 549 2943 honesta
572 2897 671 2954 fuit
708 2898 733 2951 (
744 2896 901 2951 Venus)
936 2897 1142 2952 Quamvis
1176 2897 1260 2941 Ida
1290 2898 1421 2955 prius
1454 2904 1670 2955 pastorem
1707 2896 1826 2939 dicat
1853 2911 2021 2940 amasse
2052 2897 2196 2955 Atque
2225 2898 2338 2941 inter

158 2977 351 3035 pecudes
386 2976 633 3021 accubuisse
670 2976 805 3019 deam.
853 2974 930 3019 Ad
965 2973 1080 3019 hanc
1117 2974 1450 3019 similitudinem
1485 2974 1562 3018 illa
1596 2973 1837 3032 Euripidea
1874 2974 2083 3020 accedere
2120 2975 2335 3032 videntur,

166 3069 437 3113 quamquam
472 3054 676 3113 politiora
712 3055 845 3098 etiam
881 3061 925 3097 et
961 3053 1221 3108 venustiora,
1245 3053 1361 3111 quod
1397 3053 1530 3097 armis
1567 3053 1676 3111 ipsis
1714 3068 1826 3111 quae
1863 3053 2016 3098 dicunt
2047 3055 2184 3099 verba
2215 3055 2337 3098 attri-

169 3133 376 3177 buuntur.
1580 3122 1583 3125 Δ

389 3213 431 3257 3.
479 3212 533 3256 In
569 3212 707 3256 altera
736 3218 859 3270 parte
889 3196 1159 3269 tragoediae,
1199 3210 1244 3253 in
1277 3226 1362 3268 qua
1392 3210 1545 3255 Λύσσα
1576 3218 1750 3268 regnat,
1791 3211 2091 3256 controversia
2122 3218 2241 3255 mota
2271 3219 2339 3255 est

167 3288 226 3334 de
266 3290 463 3335 versibus
501 3290 660 3349 quibus
700 3290 796 3346 illa,
840 3296 1123 3348 posteaquam
1160 3288 1268 3333 Irim
1306 3295 1350 3332 et
1386 3303 1497 3346 quae
1534 3304 1632 3333 eam
1669 3289 1790 3334 misit
1825 3289 2040 3334 Iunonem
2077 3306 2104 3334 a
2141 3289 2337 3334 consiliis

2000 3371 2047 3408 3-
