2478 3489
1199 98 1253 142 17

141 220 188 263 in
219 218 381 278 quibus
412 217 685 277 explicandis
722 219 829 273 olim
863 218 1086 277 Hauptius
1123 219 1368 264 elaboravit
1407 219 1701 276 disputatione
1739 221 1880 265 bonae
1918 220 2058 278 frugis
2095 220 2226 279 plena
2264 236 2302 264 a.

141 296 261 343 1864
290 296 421 354 edita,
452 282 640 356 repetita
668 297 716 341 in
746 296 1053 357 opusculorum
1084 297 1306 342 volumine
1336 296 1542 341 secundo.
1589 297 1713 342 Haec
1735 314 1837 342 vero
1859 298 2086 356 Euripidis
2107 299 2208 357 quis
2230 300 2305 357 qui

140 391 240 420 cum
266 390 371 420 cura
390 375 626 420 attenderit
645 391 735 420 non
754 376 1061 420 reminiscatur
1079 382 1308 434 poetarum
1328 376 1743 433 Alexandrinorum,
1768 377 2003 434 Theocriti,
2026 376 2303 434 Callimachi,

139 461 312 511 praeter
332 460 512 511 ceteros,
545 469 730 513 quorum
748 470 910 513 magna
929 469 1032 513 pars
1052 455 1187 499 estin
1207 454 1291 499 hoc
1319 469 1480 512 genere
1512 461 1560 498 ut
1589 470 1739 499 eorum
1769 457 1991 515 proprium
2024 471 2122 502 esse
2153 457 2304 502 multis

139 532 352 579 videatur.
413 532 468 579 In
504 539 658 579 nostra
692 539 839 578 autem
874 532 1026 578 fabula
1061 548 1148 578 non
1186 547 1313 579 secus
1343 532 1560 578 Hercules
1597 533 1692 592 ipse
1724 548 1779 577 ex
1816 533 1932 579 Orco
1964 550 2166 580 reversus
2205 550 2305 579 cum

139 611 292 655 liberis
324 611 416 656 suis
446 611 560 656 ludit
580 612 838 656 amabiliter.
885 610 1030 666 Quem
1056 612 1133 655 ubi
1159 605 1470 656 adventantem
1490 612 1673 669 Megara
1695 628 1793 656 cum
1815 615 1906 658 suis
1929 616 2112 673 aspexit,
2146 630 2304 673 pueros

139 690 243 734 ilico
273 690 463 735 iusserat
921 742 924 745 Δ

570 769 660 814 520
720 769 853 824 δεῦρ’,
885 766 921 812 ὦ
951 770 1076 820 τέκν’,
1108 769 1399 825 ἐκκρίμνασθε
1429 767 1648 827 πατρῴων
1679 771 1873 821 πέπλων,

716 848 767 891 ἴτ’
787 847 1018 902 ἐγκονεῖτε,
1047 844 1107 904 μὴ
1136 849 1311 904 μεθῆτ’,
1340 848 1436 892 ἐπεὶ
1466 845 1574 899 Διὸς

714 928 912 983 Σωτῆρος
943 924 1047 982 ὑμῖν
1076 923 1206 971 οὐδέν
1236 927 1336 971 ἐσθ’
1358 926 1424 970 ὅδ’
1446 926 1619 982 ὕστερος

141 1006 212 1050 cui
241 1006 379 1050 iussui
413 1006 452 1049 si
488 1021 576 1049 non
616 1005 784 1061 statim,
824 1004 942 1063 quod
971 1005 1067 1050 fieri
1098 1021 1186 1050 non
1217 1012 1398 1064 poterat,
1433 1004 1513 1050 sed
1543 1012 1692 1050 tamen
1711 1006 2048 1065 obtemperasse
2080 1021 2154 1051 eos
2187 1006 2304 1051 credi

141 1092 324 1143 oportet,
347 1100 456 1143 quos
472 1085 601 1142 paulo
622 1091 724 1142 post
741 1084 943 1128 videmus
964 1084 1102 1142 patris
1124 1085 1320 1129 vestibus
1341 1085 1527 1142 arreptis
1549 1085 1589 1128 ei
1610 1085 1972 1130 adhaerescentes
1995 1092 2122 1130 stare.
2157 1084 2305 1140 Quare

139 1163 354 1208 Hercules
386 1180 412 1207 a
432 1180 474 1207 v.
497 1164 586 1207 622

716 1239 814 1286 ἀλλ’
835 1243 891 1285 εἷ’
915 1239 1142 1298 ὁμαρτεῖτ’,
1174 1239 1209 1284 ὦ
1240 1243 1364 1293 τέκν’,
1394 1242 1440 1293 ἐς
1471 1239 1633 1298 δόμους
1664 1245 1814 1297 πατρί·

715 1321 940 1371 καλλίονές
971 1319 1063 1376 τᾶρ’
1083 1321 1245 1364 εἴσοδοι
1276 1322 1361 1364 τῶν
1390 1319 1556 1374 ἐξόδων

716 1397 917 1455 πάρεισιν
947 1397 1063 1455 ὑμῖν.
1110 1395 1225 1443 ἀλλὰ
1255 1399 1425 1454 θάρσος
1455 1402 1590 1454 ἴσχετε

552 1477 653 1540 ,625
715 1478 789 1520 καὶ
819 1476 980 1533 νάματ’
1004 1476 1143 1521 ὄσσων
1173 1479 1314 1534 μηκέτ’
1334 1478 1542 1530 ἐξανίετε·

714 1553 768 1599 ov'
797 1557 850 1606 τ’,
882 1553 918 1599 ὦ
947 1553 1078 1608 γύναι
1107 1571 1196 1610 μοι,
1231 1552 1441 1608 σύλλογον
1473 1556 1614 1612 ψυχῆς
1645 1555 1753 1611 λαβὲ

714 1631 875 1688 τρόμου
906 1650 950 1676 τε
982 1634 1164 1677 παῦσαι·
1216 1635 1290 1676 καὶ
1320 1635 1510 1689 μέθεσθ’
1532 1633 1649 1689 ἐμῶν
1681 1634 1879 1677 πέπλων·

716 1709 768 1756 οὗ
796 1709 882 1768 γὰρ
914 1712 1128 1767 πτερωτὸς
1158 1707 1260 1756 οὗδὲ
1290 1714 1472 1768 φευξείω
1504 1712 1672 1769 φίλους.

717 1787 764 1840 ἆ,

716 1868 799 1911 οἵδ’
819 1864 897 1912 οὗκ
928 1869 1082 1924 αφιᾶσ’
1103 1864 1200 1912 ἀλλ’
1222 1865 1494 1912 ἀνάπτονται
1525 1868 1704 1911 πέπλων

566 1947 655 1990 630
716 1946 878 2005 τοσῷδε
907 1947 1095 2001 μᾶλλον·
1144 1942 1221 1989 οἶδ’
1242 1946 1353 2003 ἔβητ’
1375 1947 1448 1990 ἐπὶ
1478 1948 1630 2001 ξυροῦ,·

680 2060 682 2062 .
717 2024 811 2076 ἄξω
841 2023 993 2079 λαβών
1021 2041 1072 2077 γε
1102 2022 1247 2068 τούσδ’
1268 2023 1505 2079 ἐφολκίδας
1534 2032 1694 2078 χεροῖν,

717 2103 825 2151 ναῦς
856 2102 894 2143 δ’
916 2101 975 2150 ὣς
1006 2102 1193 2158 ἐφέλξω·
1241 2103 1315 2144 καὶ
1343 2101 1430 2156 γὰρ
1462 2098 1539 2144 οὗκ
1571 2098 1810 2156 ἀναίνομαι

716 2178 980 2235 θεράπευμα
1011 2183 1185 2223 τέκνων.
1231 2178 1379 2223 πάντα
1410 2176 1691 2234 τάνθρώπων
1722 2182 1814 2223 ἴσα·

717 2259 891 2314 φιλοῦσι
922 2258 1085 2306 παῖδας
1116 2263 1161 2301 οἵ
1190 2260 1224 2300 τ’
1245 2254 1470 2322 ἀμείνονες
1500 2259 1669 2312 βροτῶν

564 2336 654 2380 635
718 2341 764 2380 οἵ
791 2338 826 2379 τ’
847 2332 976 2380 οῦδὲν
1006 2334 1143 2385 ὄντες·
1190 2333 1404 2392 χρήμασιν
1435 2335 1484 2379 δὲ
1516 2334 1742 2392 διάφοροι,

717 2415 903 2470 ἔχουσιν,
934 2420 982 2459 οἳ
1007 2414 1048 2458 δ’
1068 2413 1142 2458 οὔ·
1191 2417 1283 2458 πᾶν
1314 2414 1363 2458 δὲ
1394 2411 1647 2470 φιλότεκνον
1677 2416 1816 2467 γένος.

139 2494 264 2539 Haec
285 2500 330 2538 et
350 2508 430 2537 sua
450 2499 681 2537 venustate
701 2493 877 2551 placent
907 2500 951 2537 et
980 2492 1027 2536 in
1059 2492 1114 2536 iis
1147 2492 1221 2550 qui
1253 2492 1362 2536 haec
1394 2492 1644 2550 aspexerint
1673 2506 1763 2535 non
1798 2497 1979 2549 possunt
2008 2506 2098 2534 non
2128 2506 2303 2535 movere

138 2580 184 2616 et
204 2587 362 2630 augere
382 2570 506 2616 ἔλεον
531 2573 604 2615 καὶ
635 2570 779 2629 φόβον
808 2577 902 2615 tum
934 2586 1033 2615 cum
1063 2578 1187 2628 pater
1217 2569 1298 2614 hos
1330 2585 1486 2628 pueros
1519 2569 1778 2627 quibuscum
1810 2584 1928 2612 nunc
1958 2569 2127 2613 iocatur
2157 2584 2304 2613 aman·

139 2652 311 2696 tissime
339 2651 514 2696 insania
550 2657 775 2708 correptus
811 2657 1017 2709 properat
1051 2648 1391 2708 pessumdatum.
1455 2645 1543 2693 Sed
1582 2647 1635 2691 de
1666 2663 1798 2692 versu
1829 2648 1919 2692 633
1950 2648 2014 2692 ita
2044 2649 2136 2706 egit
2165 2647 2306 2693 wila-

139 2729 397 2785 mowitzius,
422 2734 471 2773 ut
491 2735 699 2787 appareat
719 2743 862 2787 neque
883 2727 992 2772 haec
1013 2742 1124 2786 quae
1145 2727 1380 2784 vulgantur
1410 2742 1553 2784 neque
1586 2741 1697 2784 quae
1727 2727 1973 2785 temptabat
1993 2726 2071 2771 sed
2093 2734 2308 2787 temptata

140 2807 319 2867 reliquit
344 2802 636 2863 τάνθρώπεια
666 2821 845 2864 prorsus
876 2806 919 2850 ei
950 2805 1229 2851 satisfecisse.
1264 2804 1352 2861 Qui
1383 2812 1501 2850 recte
1533 2805 1708 2864 quidem
1739 2805 2016 2850 incommodo
2048 2807 2181 2850 istam
2213 2822 2307 2851 ora·

138 2886 305 2930 tionem
334 2886 535 2930 laborare
566 2885 723 2941 sensit3
756 2900 910 2930 verum
941 2885 981 2929 ei
1013 2885 1117 2929 licet
1145 2884 1331 2929 fortasse
1361 2885 1425 2928 ita
1456 2899 1696 2940 occurrere,
1729 2891 1778 2927 ut
1806 2884 1930 2928 nulla
1959 2884 2109 2928 littera
2139 2893 2308 2929 mutata

138 2963 422 3008 distinctione
453 2962 692 3007 sententias
722 2977 944 3020 regamus:

1149 3041 1223 3083 καὶ
1251 3038 1337 3095 γάρ
1369 3036 1446 3084 οἷα
1476 3033 1745 3097 ἀναίνομαι(

716 3117 981 3175 θεράπευμα
1010 3121 1169 3163 τέκνων
1199 3117 1345 3163 πάντα
1376 3117 1659 3174 τάνθρώπων
1688 3122 1777 3163 ἰ’σα.

138 3196 255 3242 Nam
281 3196 338 3243 ad
367 3194 620 3255 ἀναίνομαι,
652 3196 706 3242 de
737 3211 823 3255 quo
854 3197 989 3241 verbo
1011 3195 1375 3241 Wilamowitzius
1406 3195 1461 3240 ad
1494 3195 1613 3241 hunc
1642 3212 1820 3242 versum
1852 3197 2060 3257 disputat,
2092 3212 2180 3242 non
2214 3204 2309 3242 erat

137 3276 256 3334 quod
277 3277 437 3323 obiecti
458 3277 555 3323 loco
583 3277 833 3322 adderetur:
866 3275 984 3335 quod
1003 3276 1188 3321 verbum
1218 3291 1303 3334 quo
1335 3276 1587 3335 pertineret,
1621 3291 1677 3321 ex
1708 3276 1932 3335 superiore
1963 3277 2159 3322 oratione
2191 3277 2306 3322 sumi

390 3356 394 3360 .
1100 3354 1103 3361 Α
1994 3360 2027 3395 3·
