2478 3489
1226 73 1286 118 24

672 182 809 237 κακόν
840 211 878 237 τι
909 192 1103 249 πράξειν.
1147 191 1183 237 ὦ
1212 197 1425 251 γέροντες,
1456 194 1500 245 ἐς
1531 193 1669 239 καλὸν

675 276 838 328 στείχει,
867 271 1061 329 βρόχοισι
1092 273 1133 316 δ’
1154 270 1328 328 ἀρκύων
1357 270 1579 330 γενήσεται

525 351 612 395 730
674 349 970 409 ξιφηφόροισι,
1002 349 1098 401 τοὺς
1129 352 1265 401 πέλας
1297 350 1438 395 δοκῶν
1467 359 1645 402 κτενετν,

676 428 700 474 ὃ
731 429 1033 484 παγκάκιστος.

165 507 217 551 In
260 523 389 551 versu
429 508 548 552 enim
582 509 669 552 729
702 510 806 567 quia
838 509 1019 552 verbum
1050 507 1274 565 γενήσεται
1304 523 1386 552 nec
1417 509 1564 566 ipsum
1595 515 1747 565 aptum
1778 522 1876 552 esse
1907 507 1963 552 ad
1995 523 2089 552 rem
2119 513 2164 553 et
2201 514 2337 553 struc-

167 594 309 630 turam
346 586 560 645 impedire
598 586 847 643 videbatur,
885 586 973 631 alia
1010 586 1344 645 anquisiverunt
1375 586 1515 630 critici
1525 598 1551 643 ,·
1576 586 1651 644 qui
1689 591 1866 644 propter
1903 585 2084 644 laqueos
2116 586 2338 632 vinciendi

166 665 497 722 constringendi
535 666 717 709 verbum
750 664 1048 709 desiderantes
1080 664 1187 709 talia
1217 664 1450 710 scribenda
1479 671 1800 723 proposuerunt
1827 662 2082 722 λελήψεται,
2114 664 2339 722 δεδήσεται

166 741 302 802 (quod
325 743 690 789 Wilamowitzius
722 742 895 802 probat)
927 745 1020 788 sive
1051 743 1297 802 πεδήσεται,
1328 742 1587 807 κεκλῄσεται,
1628 759 1812 802 quorum
1843 743 1955 788 nihil
1976 750 2044 788 est
2065 743 2182 802 quod
2202 744 2337 789 scribi

167 823 362 879 potuisse
401 824 644 880 negaveris.
708 822 834 867 Unus
867 822 922 868 G.
955 823 1239 869 Hermannus
1277 839 1363 881 quo
1397 824 1577 869 verbum
1610 824 1854 882 antiquitus
1887 822 2096 867 traditum
2128 830 2335 878 servaret,

166 903 214 945 ἐν
244 902 569 960 praepositione
601 900 754 946 addita
783 900 977 958 (βρόχοις
1001 904 1040 946 δ’
1057 904 1105 946 ἐν
1128 899 1244 958 ἀρκ.)
1281 909 1543 946 structuram
1575 902 1721 946 levare
1752 901 1920 946 maluit.
1987 901 2081 946 Nos
2116 899 2339 956 γενήσεται

116 969 126 974 ’
168 980 386 1035 veniendi,
406 981 670 1023 adveniendi
694 981 944 1038 significatu
965 980 1270 1037 accipiendum
1291 987 1509 1038 putamus,
1527 980 1703 1025 tertium
1720 987 1866 1024 autem
1888 994 2038 1024 casum
2059 980 2264 1036 nominis,
2280 980 2338 1022 ab

168 1074 217 1101 eo
252 1058 384 1101 verbo
412 1059 487 1115 qui
509 1059 687 1115 regitur,
721 1059 844 1102 nulla
867 1059 1188 1117 praepositione
1210 1058 1383 1103 adiecta
1402 1059 1534 1102 locali
1556 1059 1600 1102 vi
1622 1073 1723 1103 cum
1745 1057 1999 1103 directionis
2020 1058 2199 1102 notione
2222 1058 2337 1115 posi·

167 1146 271 1179 tum.
328 1135 466 1180 Usum
500 1137 621 1180 verbi
656 1152 785 1194 quem
819 1137 1004 1180 dicimus
1037 1152 1125 1180 non
1158 1144 1225 1180 est
1256 1136 1373 1194 quod
1406 1136 1620 1194 exemplis
1652 1136 1906 1194 probemus3
1941 1136 1994 1179 de
2023 1136 2170 1180 dativo
2186 1143 2337 1180 autem

166 1230 306 1271 pauca
337 1215 559 1258 afferimus
580 1215 833 1272 Euripidea,
866 1215 925 1270 μὴ
957 1214 1092 1258 πάλιν
1123 1217 1176 1277 γῇ
1206 1214 1358 1271 λύματ’
1378 1214 1565 1274 ἐκβάλλῃ
1592 1215 1762 1259 κλύδων
1783 1212 1901 1271 (Hel.
1929 1212 2078 1270 1271),
2113 1215 2273 1271 ῥίπτεις
2294 1232 2338 1257 τε

167 1293 286 1350 πέδῳ
319 1292 479 1350 πεύκην
510 1290 672 1350 (Iphig.
706 1292 857 1337 Aulid.
882 1291 971 1350 39),
1007 1297 1054 1338 σέ
1082 1295 1174 1338 ποτ’
1196 1291 1425 1350 οὖρανίδαι
1462 1297 1714 1351 πέμψουσιν
1750 1292 1967 1344 θανάτοις
2002 1291 2184 1349 (Electr.
2213 1289 2335 1349 484).

166 1373 320 1430 Itaque
359 1372 530 1428 βρόχοις
570 1370 745 1428 ἀρκύων
774 1372 998 1429 γενήσεται
1029 1371 1142 1430 (sive
1173 1370 1410 1430 ἐλεύσεται)
1450 1389 1536 1417 non
1576 1373 1721 1418 minus
1760 1379 1876 1417 recte
1915 1371 2001 1416 dici
2033 1372 2175 1430 potuit
2206 1387 2339 1429 quam

168 1451 284 1507 quod
314 1459 381 1493 est
411 1452 457 1492 in
479 1451 641 1492 Electr.
665 1452 754 1494 965
786 1452 928 1501 καλῶς
961 1451 1029 1508 ἄρ’
1049 1451 1182 1509 ἄρκυν
1204 1453 1265 1502 εἷς
1285 1454 1419 1509 μέσην
1440 1450 1667 1507 πορεύεται
1699 1451 1841 1495 autin
1871 1449 2102 1509 Iphigenia
2124 1449 2253 1495 Taur.
2280 1450 2335 1495 77

167 1529 285 1584 τήνδ’
316 1530 360 1577 ἐς
398 1529 535 1583 ἄρκυν
566 1530 734 1584 ἤγαγες.
788 1528 917 1582 Quod
958 1530 995 1571 si
1033 1537 1118 1584 est,
1158 1535 1339 1587 apparet
1375 1529 1489 1572 hanc
1522 1529 1763 1573 orationem
1789 1529 1834 1579 ἐς
1873 1527 2007 1573 καλὸν
2034 1531 2200 1584 στείχει,
2230 1527 2338 1585 βρό-

166 1619 277 1661 χοισι
317 1607 356 1649 δ’
371 1604 545 1662 ἀρκύων
581 1606 802 1664 γενήσεται
834 1606 1111 1665 ξιφηφόροισι
1147 1622 1236 1650 non
1272 1606 1403 1649 modo
1440 1621 1529 1650 non
1565 1605 1968 1664 reprehendendam
2003 1605 2140 1650 fuisse
2176 1606 2254 1651 sed
2286 1623 2339 1651 eo

167 1685 308 1741 magis
344 1684 402 1727 ad
439 1684 521 1728 hoc
559 1684 818 1728 translatum
851 1684 1026 1727 dicendi
1057 1700 1213 1741 genus,
1255 1699 1341 1742 quo
1373 1682 1522 1739 βρόχοι
1554 1681 1726 1741 ἆρκύων
1756 1683 1993 1742 ξιφηφόροι
2025 1685 2269 1742 appellatur
2298 1686 2337 1729 is

167 1764 243 1821 qui
275 1771 469 1807 armatus
500 1763 671 1821 Lycum
702 1763 995 1807 introeuntem
1027 1770 1265 1822 exspectat,
1298 1761 1685 1807 accommodatam.

387 1843 516 1887 Alter
558 1858 708 1886 versus
748 1842 800 1885 de
840 1857 925 1899 quo
963 1857 1044 1885 nos
1085 1842 1307 1899 disputare
1341 1841 1451 1885 velle
1485 1841 1674 1886 diximus
1707 1842 1753 1884 in
1786 1857 1986 1885 sermone
2016 1842 2178 1899 legitur
2209 1858 2338 1900 quem

167 1920 382 1965 Hercules
415 1936 568 1965 somno
601 1920 769 1965 solutus
803 1936 902 1964 cum
934 1919 1260 1979 Amphitryone
1290 1926 1413 1978 patre
1444 1920 1636 1965 instituit
1667 1936 1693 1965 a
1725 1937 1765 1964 v.
1801 1921 1930 1964 1111.

696 2015 765 2046 ΗΡ.
813 2000 962 2055 πάτερ,
996 2002 1035 2042 τί
1065 1999 1227 2050 κλαίεις
1258 2001 1330 2042 καὶ
1362 2003 1646 2056 συναμπίσχει
1676 1998 1826 2056 κόρας,

816 2081 890 2126 τοῦ
921 2078 1129 2135 φιλτάτου
1160 2092 1228 2122 σοι
1259 2078 1448 2135 τηλόθεν
1476 2077 1636 2128 παιδὸς
1666 2077 1824 2134 βεβοόςς

677 2174 762 2203 AM.
811 2156 846 2200 ὦ
877 2161 1047 2200 τέκνον·
1080 2160 1124 2200 εἴ
1148 2157 1232 2211 γάρ
1265 2159 1338 2199 καὶ
1368 2158 1512 2206 κακῶς
1544 2155 1752 2211 πράσσων
1782 2156 1901 2213 ἐμός.

690 2252 760 2281 ΗΡ.
809 2235 988 2290 πράσσω
1022 2236 1060 2278 δ’
1085 2235 1171 2288 ἐγώ
1202 2254 1240 2278 τι
1272 2235 1454 2290 λυπρόν,
1485 2231 1539 2278 οὗ
1569 2235 1867 2290 δακρυρροεΐςς

503 2314 619 2357 1115
676 2331 760 2360 AM.
811 2314 840 2356 ἃ
872 2315 956 2356 κᾶν
986 2316 1109 2357 θεῶν
1140 2331 1217 2363 τις,
1249 2317 1288 2356 εἶ
1319 2313 1481 2364 πάθοι,
1513 2317 1781 2356 καταστένοι.

688 2409 759 2439 ΗΡ.
806 2397 941 2449 μέγας
973 2395 1013 2446 γ’
1036 2392 1059 2435 ὁ
1092 2392 1273 2448 κόμπος,
1304 2396 1379 2449 τὴν
1409 2392 1538 2449 τύχην
1570 2392 1608 2435 δ’
1631 2391 1752 2436 οὔπω
1783 2393 1934 2445 λέγεις.

164 2470 331 2516 Versus
374 2472 491 2516 1115
538 2472 584 2515 in
631 2472 779 2516 codice
818 2472 931 2516 hanc
977 2473 1308 2517 memorabilem
1344 2472 1530 2516 formam
1568 2471 1703 2515 habet
1739 2468 1977 2515 ἇκανθεών
2014 2488 2073 2522 τις
2111 2474 2263 2515 εἴπαθ’
2295 2471 2337 2516 οἳ

164 2554 432 2601 καταστένοι,
466 2566 522 2594 ex
554 2565 640 2608 qua
671 2560 819 2594 tamen
842 2550 1027 2608 syllabis
1049 2559 1166 2594 reete
1190 2550 1379 2593 diductis
1402 2549 1571 2607 pridem
1593 2549 1638 2592 id
1662 2548 1779 2606 quod
1801 2565 1951 2592 verum
1973 2556 2041 2593 est
2061 2549 2178 2594 docti
2199 2549 2336 2593 homi-

164 2643 243 2672 nes
275 2636 586 2686 recuperarunt
617 2625 690 2684 (cf.
712 2628 846 2672 Anal.
874 2628 1073 2686 Euripid.
1108 2644 1149 2686 p.
1173 2625 1294 2683 228).
1359 2627 1457 2671 Nisi
1474 2626 1591 2685 quod
1608 2626 1771 2678 πάθοι,
1787 2626 1903 2684 quod
1936 2634 2003 2671 est
2035 2643 2140 2671 sane
2171 2627 2219 2672 in
2250 2628 2337 2673 ista

165 2707 405 2765 depravata
437 2706 601 2750 codicis
634 2707 867 2769 scriptura,
909 2706 1159 2750 dubitamus
1191 2722 1323 2763 quam
1355 2715 1471 2749 rect-e
1503 2706 1559 2750 ab
1591 2705 1802 2763 Euripide
1832 2705 2073 2763 profectum
2105 2699 2334 2750 statuatur.

164 2783 390 2830 Sermonis
424 2785 541 2830 enim
573 2786 658 2828 iter
689 2785 727 2829 si
760 2785 894 2842 probe
927 2785 1226 2842 intelligimus,
1261 2784 1441 2830 Herculi
1473 2785 1577 2843 quia
1608 2791 1777 2843 patrem
1808 2785 2053 2843 plorantem
2084 2785 2242 2844 aspicit
2271 2785 2336 2829 in·

164 2865 404 2924 terroganti
425 2862 613 2909 ‘Sumne
653 2879 734 2922 ego
771 2865 815 2908 in
849 2880 902 2909 ea
932 2865 1110 2909 miseria
1143 2881 1274 2923 quam
1306 2873 1354 2909 tu
1386 2862 1599 2910 defleas?'
1635 2864 1902 2924 Amphitryo
1933 2865 2171 2924 respondet
2194 2862 2335 2910 ‘Sane

162 2947 207 2989 in
242 2961 294 2989 ea
325 2944 393 3001 (es
424 2944 621 2998 miseria)
655 2960 788 3002 quam
819 2961 906 2988 non
941 2945 1085 2989 dicam
1117 2961 1197 3002 ego
1230 2945 1307 2989 sed
1343 2946 1410 2989 vel
1443 2945 1622 2989 deorum
1653 2945 1813 3003 aliquis
1847 2947 1885 2988 si
1913 2946 2167 3002 cognoverit
2189 2944 2334 3002 deplo-

161 3031 335 3068 raturus
375 3021 467 3068 sit.³
519 3022 578 3067 Et
615 3023 731 3067 hunc
771 3023 905 3081 igitur
943 3039 1039 3067 esse
1077 3023 1202 3067 illum
1239 3027 1381 3080 μέγαν
1418 3022 1589 3080 κόμπον
1627 3023 1735 3067 dicit
1764 3022 1994 3082 Hercules,
2028 3023 2147 3081 quod
2176 3023 2223 3066 in
2255 3038 2335 3066 cua

161 3102 340 3147 miseria
376 3099 485 3158 (non
520 3117 571 3146 ea
603 3117 733 3160 quam
766 3101 863 3160 ipse
896 3100 1104 3160 patiatur)
1143 3102 1249 3146 deus
1282 3103 1442 3160 aliquis
1473 3103 1613 3160 possit
1643 3102 1943 3159 ingemiscere.
1989 3101 2145 3160 Itaque
2176 3116 2267 3145 non
2297 3101 2338 3143 εἷ

161 3181 319 3233 πάθοι,
354 3181 431 3225 sed
463 3188 631 3224 mutata
662 3181 811 3225 littera
841 3183 880 3224 εἰ
910 3181 1055 3237 μάθοι
1087 3181 1367 3226 scribendum
1390 3190 1494 3236 erat,
1529 3197 1638 3238 quas
1670 3181 1830 3225 formas
1859 3189 2010 3224 notum
2039 3188 2106 3224 est
2130 3180 2178 3223 in
2208 3179 2335 3222 libris

161 3260 337 3318 scriptis
371 3275 500 3317 saepe
534 3260 649 3303 inter
680 3275 727 3304 se
760 3261 1010 3317 permutari.
