2478 3489
1237 87 1294 129 10

176 206 286 263 ὂναρ
310 223 350 250 v.
368 206 459 251 495
482 205 630 251 missis
652 205 810 251 alienis
832 204 1111 250 adminiculis
1134 204 1225 249 suis
1246 205 1490 249 rationibus
1513 220 1693 249 necesse
1715 211 1782 249 est
1802 204 2010 262 probetur
2030 211 2106 248 aut
2127 205 2166 249 si
2185 204 2231 248 id
2254 205 2350 249 fieri

175 302 264 330 non
308 286 449 344 possit
479 285 744 344 repudietur.
808 285 949 342 Atqui
981 284 1085 328 licet
1115 284 1227 328 nihil
1260 283 1595 341 vituperandum
1627 284 1686 327 sit
1716 284 1763 327 in
1795 283 1877 328 hac
1907 284 2103 328 oratione
2135 283 2232 335 ἅλις
2261 281 2349 339 γάρ

175 362 328 409 ἐλθών
348 364 432 408 κᾶν
453 362 562 419 ὄναρ
583 367 726 417 γένοιο
743 362 808 419 σύ,
831 370 979 407 tamen
997 362 1068 407 hic
1088 378 1238 407 versus
1256 363 1391 421 priori
1409 362 1606 407 adnexus
1623 361 1802 419 ἄρηξον,
1823 363 1949 413 ἐλθέ,
1971 364 2046 406 καὶ
2061 361 2159 407 σκιὰ
2174 361 2353 420 φάνηθί

177 458 254 498 μοι
285 441 442 499 incipit
471 441 723 498 displicere:
757 441 918 498 quippe
951 441 1020 484 bis
1052 440 1169 483 idem
1201 440 1247 484 in
1270 441 1486 484 ambobus
1510 440 1708 485 versibus
1730 455 1996 498 quamquam
2018 456 2117 484 cum
2138 440 2349 485 varietate

177 520 353 564 dicitur:
394 519 510 563 unde
548 521 599 563 fit
636 526 683 563 ut
721 519 900 563 alterius
939 519 1079 562 oratio
1117 520 1256 576 proba
1296 534 1374 576 per
1406 535 1452 562 se
1485 520 1726 577 praemisso
1758 519 1902 576 priore
1933 519 2147 562 inutiliter
2177 520 2350 562 onerari

177 579 377 641 videatur
416 605 460 640 et
490 597 589 653 ipsa
620 598 832 640 varietate
865 597 1065 653 quaesita
1096 612 1272 639 sensum
1305 594 1566 651 offendat*).
1630 595 1774 650 Quam
1807 597 1863 639 ob
1895 612 1987 639 rem
2019 597 2148 639 nobis
2180 612 2270 640 non
2299 598 2351 639 fit

177 676 399 731 credibile,
435 676 637 733 quamvis
670 676 889 732 ingeniosi
923 675 1064 718 critici
1102 676 1329 717 inventum
1367 681 1535 731 pungat
1571 675 1784 730 animum,
1825 676 1910 718 ista
1947 670 2164 733 scriptura
2202 690 2349 718 veram

176 763 331 814 poetae
352 771 532 799 manum
555 770 651 799 esse
672 761 986 812 recuperatam.
1027 751 1318 811 Simplicitate
1340 768 1420 796 sua
1440 753 1619 796 excellit
1639 753 1756 811 quod
1774 752 2050 798 Godofredus
2067 752 2349 797 Hermannus

176 834 381 890 instituit,
430 834 501 892 qui
545 839 806 877 structuram
845 832 1059 876 adiuvans
1097 831 1251 876 ἱκανὸν
1289 832 1476 875 mutavit
1512 832 1559 875 in
1597 831 1748 882 ἱκανὸς
1786 840 1829 876 et
1859 832 1977 876 hunc
2007 847 2182 876 versum
2213 831 2352 876 edidit

176 912 276 963 ἅλις
311 912 398 968 γὰρ
436 912 585 955 ἐλθών
621 911 772 961 ἱκανὸς
812 912 870 954 ἄν
900 914 1045 963 γένοιο
1078 909 1149 960 σύ,
1190 910 1312 953 cuius
1351 910 1614 954 sententiam
1652 910 1715 953 ita
1751 911 2062 969 interpretatur
2098 909 2229 955 ‘satis
2269 910 2352 954 erit

178 991 352 1034 etiamsi
384 990 496 1033 nihil
529 990 649 1033 aliud
681 1004 814 1047 quam
850 986 1060 1033 veneris.'
1112 988 1357 1033 Probamus
1390 989 1504 1032 hanc
1534 988 1762 1045 rationem,
1798 1003 2061 1047 quamquam
2093 990 2139 1034 in
2172 1004 2225 1033 ea
2255 1004 2351 1033 sen-

177 1071 316 1113 tentia
348 1069 622 1112 desideratur
654 1068 821 1126 aliquid
853 1067 971 1125 quod
1002 1067 1166 1110 referas
1194 1069 1250 1110 ad
1271 1068 1317 1110 id
1340 1067 1457 1125 quod
1480 1082 1613 1126 supra
1634 1068 1762 1111 tertio
1783 1067 1879 1111 loco
1901 1074 2125 1125 tamquam
2146 1067 2351 1124 gravissi-

179 1164 299 1191 mum
331 1147 523 1206 positum
555 1156 659 1203 erat,
695 1148 765 1190 καὶ
797 1145 895 1190 σκιὰ
927 1144 1102 1204 φάνηθί
1131 1161 1219 1202 μοι.
1273 1144 1508 1191 Praeterea
1537 1146 1731 1191 fallimur
1762 1152 1838 1190 aut
1869 1145 1964 1197 ἅλις
1995 1161 2082 1191 non
2116 1146 2224 1191 satis
2251 1153 2352 1204 apte

182 1235 225 1269 et
265 1233 437 1284 praeter
470 1226 685 1269 sermonis
718 1240 884 1269 morem
918 1224 973 1268 ad
1005 1224 1154 1276 ἱκανὸς
1185 1224 1401 1281 adiicitur,
1442 1224 1559 1283 quod
1592 1241 1669 1283 per
1700 1241 1748 1269 se
1780 1225 1922 1269 solum
1953 1225 2197 1269 sententiae
2229 1225 2351 1268 satis·

177 1304 380 1348 faciebat,
429 1303 554 1347 Haec
586 1303 691 1346 dum
724 1304 980 1361 cogitamus,
1015 1303 1061 1346 in
1095 1319 1192 1347 eam
1224 1303 1476 1361 opinionem
1508 1303 1743 1347 incidimus
1777 1311 1824 1347 ut
1855 1303 1968 1347 hanc
2000 1319 2087 1347 non
2120 1319 2252 1347 unam
2274 1303 2352 1347 sed

179 1383 287 1427 duas
334 1398 431 1426 esse
479 1383 720 1426 sententias
759 1383 1059 1440 opinaremur3
1109 1384 1269 1440 quibus
1309 1384 1373 1428 sic
1412 1390 1460 1426 ut
1495 1399 1574 1441 par
1605 1391 1699 1427 erat
1731 1383 1964 1438 distinctis,
2001 1390 2181 1440 utraque
2220 1398 2352 1440 quam

180 1461 370 1503 diximus
404 1460 589 1504 offensio
622 1461 784 1504 auferri
816 1460 1028 1504 videatur.

759 1537 938 1596 ἄρηξον,
969 1540 1094 1590 ἐλθέ,
1126 1542 1201 1582 καὶ
1233 1537 1329 1582 σκιὰ
1362 1538 1536 1596 φάνηθί
1565 1549 1660 1595 μοι·

759 1617 856 1668 ἅλις
886 1617 990 1673 γάρ·
1024 1616 1176 1661 ἐλθών
1207 1617 1356 1668 ἱκανὸς
1388 1619 1445 1661 ἂν
1475 1621 1621 1671 γένοιο
1653 1615 1725 1661 σύ·

759 1698 884 1739 κακοὶ
914 1695 999 1751 γὰρ
1030 1698 1092 1745 εἷς
1124 1699 1171 1739 σέ
1201 1698 1238 1748 γ’
1263 1701 1310 1739 οἳ
1337 1699 1465 1739 τέκνα
1497 1698 1706 1739 κτείνουσι
1738 1694 1809 1738 σά.

178 1771 304 1827 Quae
338 1774 402 1818 sic
433 1773 721 1830 intelligimus
753 1774 850 1825 ἅλις
880 1772 966 1830 γὰρ
999 1776 1073 1817 καὶ
1105 1773 1203 1818 σκιαὶ
1237 1779 1392 1831 φανείς
1425 1775 1495 1818 vel
1525 1773 1622 1826 ἅλις
1652 1774 1739 1830 γὰρ
1760 1777 1833 1818 καὶ
1855 1772 1981 1819 σκιάν
2002 1789 2048 1818 σε
2069 1770 2354 1832 φανῆναι**).

178 1853 334 1897 Altera
366 1861 511 1897 autem
544 1869 644 1911 pars
680 1869 830 1897 versus
863 1854 997 1898 habet
1028 1870 1125 1897 eam
1158 1870 1289 1912 quam
1310 1854 1593 1898 Hermannus
1625 1855 1760 1898 totius
1792 1870 1889 1899 esse
1917 1854 2056 1898 voluit
2077 1854 2352 1910 sententiam,

178 1933 226 1975 in
258 1948 346 1989 qua
377 1947 476 1975 cum
508 1933 552 1975 vi
585 1933 774 1990 positum
806 1932 957 1976 ἐλθών
988 1931 1134 1990 (quasi
1171 1934 1334 1976 dixerit
1353 1932 1491 1988 μόνον
1511 1930 1681 1988 ἐλθών)
1702 1933 1778 1991 qui
1799 1941 1918 1978 recte
1940 1933 2104 1991 ceperit
2123 1933 2352 1989 intelliget,

179 2011 286 2067 quid
324 2010 433 2054 haec
465 2012 683 2054 sententia
714 2011 769 2054 ab
803 2012 941 2054 altera
973 2012 1107 2054 distet
1138 2020 1181 2054 et
1214 2027 1345 2068 quam
1377 2011 1567 2054 recte‘ei
1599 2019 1821 2070 tamquam
1853 2012 2100 2068 generalior
2127 2012 2223 2054 sine
2255 2026 2354 2053 con-

179 2090 405 2132 iunctione
442 2089 547 2132 addi
578 2090 786 2146 potuerit:
828 2105 970 2147 neque
1010 2091 1128 2133 enim
1163 2091 1270 2133 haec
1303 2091 1613 2146 distinguendo
1645 2093 1786 2147 magis
1819 2107 1952 2148 quam
1984 2092 2203 2134 sententia
2234 2105 2355 2147 sepa-

179 2168 266 2210 rari
308 2168 509 2210 volumus
543 2176 587 2210 et
623 2168 739 2209 hanc
778 2167 1028 2223 bipertitam
1063 2183 1159 2210 esse
1192 2169 1433 2211 orationem
1465 2178 1670 2223 putamus
1701 2169 1815 2210 ultro
1848 2170 2042 2223 agnosci.
2092 2168 2263 2220 Quodsi
2294 2169 2358 2209 ita

181 2252 267 2298 est,
301 2260 357 2287 ne
390 2245 569 2287 tertium
585 2244 764 2302 quidem
798 2260 972 2287 versum
1005 2252 1185 2302 apparet
1217 2245 1372 2288 abesse
1404 2261 1554 2302 posse,
1595 2245 1668 2302 qui
1704 2254 1751 2288 ut
1782 2246 1953 2303 perficit
1985 2246 2262 2300 sententiam,
2295 2247 2358 2288 ita

180 2323 381 2368 videmus
414 2323 528 2367 hanc
559 2323 885 2367 invocationem
916 2323 1123 2367 Herculis
1156 2324 1203 2367 in
1236 2324 1345 2367 duas
1377 2332 1525 2382 partes
1548 2324 1752 2368 distribui
1775 2325 2015 2382 aptissime.
2063 2325 2124 2369 Ut
2154 2325 2218 2367 ita
2240 2324 2357 2367 dicat

180 2402 362 2458 Megara
393 2401 568 2459 ἄρηξον,
592 2402 718 2453 ἐλθέ,
739 2403 813 2445 καὶ
845 2403 943 2445 σκιὰ
976 2400 1152 2459 φάνηθί
1181 2412 1275 2458 μοι·
1326 2402 1422 2452 ἅλις
1452 2401 1539 2457 γάρ
1571 2410 1615 2446 et
1647 2418 1701 2446 ex
1729 2403 1868 2447 altera
1888 2412 2011 2462 parte
2032 2403 2185 2447 ἐλθών
2207 2400 2357 2454 ἱκανὸς

182 2482 239 2525 ἂν
279 2485 424 2535 γένοιο
463 2480 534 2525 σύ·
575 2484 701 2525 κακοὶ
731 2482 816 2537 γὰρ
848 2484 909 2531 εἷς
942 2485 988 2525 σέ
1018 2484 1056 2535 γ’
1078 2487 1125 2525 οἳ
1152 2484 1280 2524 τέκνα
1311 2486 1520 2525 κτείνουσι
1557 2481 1631 2525 σοὶε
1662 2481 1918 2540 ‘opitulare‚
1952 2483 2066 2538 veni,
2100 2483 2172 2526 vel
2204 2483 2358 2526 umbra

182 2575 344 2622 appare
389 2559 517 2613 mihi3
565 2560 671 2603 satis
713 2557 859 2603 enim?
908 2568 951 2603 et
975 2558 1272 2618 ‘quocumque
1304 2560 1433 2604 modo
1466 2561 1648 2605 veniens
1680 2577 1759 2619 par
1790 2561 1945 2617 fueris,
1985 2562 2131 2619 ignavi
2165 2561 2282 2605 enim
2314 2568 2357 2604 te

182 2646 360 2697 aspecto
395 2639 470 2696 qui
503 2639 666 2682 liberos
699 2646 796 2682 tuos
830 2637 1125 2682 interficiunt.³

403 2717 492 2762 Sed
512 2718 581 2761 his
600 2719 814 2777 complexi
839 2735 989 2762 sumus
1007 2719 1060 2762 de
1078 2721 1238 2776 quibus
1257 2721 1515 2777 singillatim
1532 2720 1836 2763 disserendum
1853 2726 1930 2763 est.
1965 2720 2034 2762 Ac
2050 2720 2240 2778 primum
2256 2719 2359 2777 quia

180 2798 274 2852 fuit,
299 2798 374 2853 qui
396 2797 624 2854 probabile
646 2812 742 2840 esse
764 2806 944 2855 negaret
964 2798 1118 2841 ἱκανὸν
1139 2798 1186 2841 in
1207 2798 1355 2849 ἱκανός
1377 2800 1549 2855 mutari,
1574 2799 1681 2842 baec
1703 2798 1821 2852 dicta
1843 2806 1991 2842 sunto:
2014 2798 2165 2842 ἐλθών
2186 2796 2354 2842 ἱκανὸν

401 2939 437 2984 *)
466 2939 717 2976 cumulantur
741 2939 835 2975 talia
862 2940 968 2977 velut
992 2940 1029 2976 in
1060 2940 1300 2987 designanda
1333 2946 1505 2978 extrema
1536 2940 1800 2979 imbecillitate
1834 2941 2029 2979 phoeniss.
2055 2953 2091 2979 v,
2110 2941 2204 2978 1543
2232 2940 2359 2979 πολιὸν

182 3009 329 3053 αἰθέρος
344 3007 483 3052 ἀφανὲς
507 3007 656 3042 εἴδωλον
681 3006 701 3050 ἢ
727 3009 832 3043 νέκυν
856 3007 1042 3055 ἔνερθενῆ
1067 3007 1204 3043 πτανὸν
1230 3007 1371 3054 ὄνειρον
1397 3006 1456 3051 (cf.
1477 3007 1604 3052 1722);
1633 3008 1698 3044 sed
1721 3007 1828 3045 σκιὰν
1845 3008 1891 3044 de
1910 3008 2074 3045 Hercule
2100 3007 2189 3053 quia
2206 3006 2358 3055 proprie

182 3071 443 3118 accipiendam
470 3071 640 3108 ducimus
678 3073 746 3117 (τοὶ
780 3074 817 3109 δὲ
843 3075 942 3109 σκιαὶ
968 3074 1185 3119 diaconam),
1224 3073 1316 3122 ὄναρ
1354 3073 1517 3111 alienum
1551 3074 1715 3118 videtur,
1753 3085 1875 3120 neque
1907 3085 1976 3111 nos
2007 3074 2048 3111 in
2078 3078 2213 3111 nostra
2242 3084 2358 3110 causa

181 3137 337 3175 adiuvat
362 3137 462 3184 quod
488 3140 589 3179 σκιᾶς
615 3139 705 3187 ὄναρ
731 3138 910 3175 dixerunt
936 3144 1097 3176 veteres.

400 3203 460 3250 **)
487 3204 680 3241 Heraclid.
706 3206 776 3241 576
817 3207 964 3241 δίδασκέ
1000 3220 1066 3252 μοι
1097 3204 1217 3241 τούσδε
1250 3207 1383 3246 παῖδας
1412 3209 1462 3246 εἷς
1494 3205 1529 3242 τὸ
1557 3207 1632 3242 πᾶν
1657 3206 1789 3253 σοφοὺς
1818 3206 1934 3255 ὥσπερ
1965 3205 2018 3251 σύ,
2057 3209 2173 3256 μηδὲν
2199 3209 2356 3258 μᾶλλον·

180 3271 369 3318 ἀρκέσουσι
394 3269 480 3320 γάρ.
