2478 3489
618 892 1253 958 VNIVERSITA'PIS
1305 893 1886 957 LITTERARIAE

825 1071 1231 1123 FRIDERIGAE
1276 1072 1668 1123 GVILELMAE

459 1240 1036 1330 RECTOR
1104 1242 1280 1328 ΕΤ
1350 1241 2033 1330 SENATVS.

162 1508 277 1610 De
308 1562 534 1621 Euripidis
564 1562 757 1606 Hercule
798 1577 928 1620 quem
958 1562 1177 1605 furentem
1210 1562 1353 1605 dicere
1387 1562 1588 1606 solebant
1619 1562 1831 1605 nonnulla
1863 1562 2124 1620 disputaturi
2158 1579 2327 1608 sumus:

163 1655 294 1698 quam
323 1640 517 1685 fabulam
546 1640 787 1684 novissime
809 1639 864 1685 U.
888 1639 942 1683 de
960 1638 1583 1685 Wilamowitz·M0ellendorff
1610 1640 1786 1698 egregia
1816 1647 1908 1684 arte
1939 1641 2003 1684 ita
2033 1642 2329 1699 pertractavit,

163 1725 211 1761 ut
242 1725 286 1761 et
317 1719 461 1762 verbis
500 1726 654 1776 poetae
691 1734 790 1763 cum
829 1734 932 1762 cura
972 1719 1103 1762 editis
1137 1726 1308 1776 praeter
1339 1718 1699 1762 consuetudinem
1733 1720 2025 1763 cummaxime
2058 1720 2331 1763 obtinentem

164 1797 525 1840 commentarium
557 1796 737 1840 adderet
765 1797 969 1839 omnibus
997 1797 1250 1854 interpretis
1280 1796 1436 1840 officiis
1459 1796 1678 1839 cumulate
1711 1797 2052 1841 satisfacientem
2085 1805 2129 1841 et
2160 1814 2230 1841 res
2262 1814 2329 1841 ra·

162 1876 390 1933 tionesque
422 1890 522 1918 cum
553 1874 803 1932 tragoediae
826 1872 1021 1917 Graecae
1043 1882 1200 1917 natura
1221 1882 1265 1917 et
1285 1874 1471 1917 historia
1491 1881 1535 1917 et
1565 1874 1695 1917 huius
1718 1875 1968 1931 tragoediae
1989 1876 2092 1919 fatis
2126 1877 2329 1919 coniunc-

161 1961 230 1996 tas
263 1954 318 1996 ab
341 1953 496 1996 ultima
527 1953 694 2009 origine
715 1953 922 2009 repetitas
955 1959 1206 2009 exponeret.
1256 1950 1380 2006 Quos
1411 1952 1548 1995 libros
1571 1952 1693 2008 duos,
1729 1952 1881 1996 doctos
1902 1953 2101 2011 Iuppiter
2133 1961 2177 1996 et
2207 1954 2328 1997 labo-

118 2056 123 2061 -
160 2031 319 2087 riosos,
355 2046 454 2074 cum
484 2031 698 2074 invitante
729 2030 913 2073 materia
943 2037 987 2073 et
1018 2029 1199 2073 editoris
1232 2030 1451 2087 elegantia
1482 2037 1657 2073 tenente
1689 2031 1827 2073 multo
1860 2047 1941 2074 usu
1973 2038 2223 2086 tereremus,
2258 2048 2327 2075 ac·

162 2110 271 2153 cidit
290 2109 363 2153 hic
383 2110 476 2153 illic
497 2117 545 2153 ut
566 2110 613 2153 in
635 2109 819 2167 singulis
842 2108 1103 2167 quibusdam
1124 2109 1325 2153 versibus
1357 2108 1656 2166 intelligendis
1689 2108 2006 2154 haesitaremus
2039 2109 2326 2169 dubitareque

160 2188 453 2246 inciperemus
490 2204 597 2231 num
629 2203 780 2231 eorum
819 2187 1037 2231 sententia
1066 2187 1156 2230 iam
1188 2187 1297 2230 satis
1328 2193 1445 2230 recte
1477 2187 1524 2230 in
1557 2187 1759 2230 omnibus
1792 2187 2027 2245 explanata
2064 2189 2122 2232 sit
2154 2205 2210 2232 an
2241 2189 2326 2232 for-

159 2274 277 2311 tasse
298 2266 386 2311 alia
405 2267 479 2310 via
502 2265 804 2325 temptandum
825 2274 978 2324 poetae
1000 2265 1184 2309 consilia
1210 2265 1469 2323 patefacere.
1519 2263 1715 2319 Quarum
1738 2264 2059 2309 dubitationum
2089 2267 2323 2311 nonnullas

160 2345 276 2403 quod
297 2345 380 2389 hac
402 2344 623 2389 scribendi
644 2345 968 2403 opportunitate
987 2335 1267 2402 proferendas
1290 2342 1506 2398 duximus,
1530 2343 1719 2386 strenuis
1741 2343 2105 2401 adolescentibus,
2140 2360 2323 2403 quorum

160 2423 305 2468 studia
324 2424 529 2481 regimus,
563 2422 729 2481 aliquid
751 2422 1024 2466 incitamenti
1046 2421 1204 2465 addere
1227 2420 1438 2477 volumus,
1473 2436 1559 2478 quo
1582 2420 1823 2478 impensius
1845 2420 1929 2465 hoc
1952 2421 2073 2478 duce,
2109 2423 2184 2480 qui
2216 2423 2323 2481 quid

159 2508 276 2546 esset
306 2501 575 2560 tragoediam
598 2499 814 2546 Graecam
834 2500 1111 2559 interpretari
1142 2499 1364 2558 praeclaro
1387 2499 1587 2557 exemplo
1610 2498 1795 2555 edocuit,
1830 2499 1887 2542 ad
1908 2499 2037 2544 huius
2069 2507 2224 2559 poetae
2256 2518 2323 2546 ar-

158 2588 249 2625 tem
279 2580 453 2639 penitus
487 2579 836 2638 cognoscendam
867 2594 914 2623 se
946 2578 1050 2622 dare
1081 2578 1270 2637 cupiant.
1334 2577 1393 2621 Et
1424 2583 1491 2621 est
1521 2576 1629 2621 haec
1660 2577 1808 2621 fabula
1839 2578 1925 2621 τῶν
1958 2577 2116 2634 ἄριστα
2147 2595 2323 2639 mumq-

157 2663 301 2717 μένων
332 2666 376 2702 et
405 2673 516 2718 quae
547 2657 676 2702 facile
708 2657 928 2716 quemvis,
968 2657 1042 2715 qui
1074 2657 1256 2712 intrare,
1297 2671 1385 2699 non
1417 2671 1443 2698 a
1473 2655 1624 2698 limine
1657 2655 1865 2712 salutare,
1899 2656 2095 2701 animum
2127 2658 2320 2715 inducat,

158 2738 320 2782 mixtae
352 2737 566 2795 gravitate
599 2736 843 2781 dulcedinis
881 2735 1089 2794 compede
1121 2734 1331 2778 detineat:
1372 2734 1480 2777 adeo
1519 2742 1566 2777 ut
1606 2734 1676 2777 vel
1712 2733 1793 2777 has
1831 2735 2069 2792 particulas
2101 2751 2210 2794 quas
2242 2753 2323 2782 nos

159 2814 502 2874 disceptabimus
537 2829 712 2873 sperare
744 2815 886 2870 liceat,
920 2812 1132 2872 quidquid
1164 2812 1218 2856 de
1248 2819 1399 2856 nostra
1430 2827 1577 2855 earum
1610 2813 1970 2870 interpretatione
2001 2814 2320 2871 aestimabitur,

157 2893 277 2950 ipsas
308 2907 386 2951 per
417 2907 464 2937 se
496 2892 663 2951 aliquid
694 2892 978 2935 iucunditatis
1009 2891 1257 2948 legentibus
1288 2890 1509 2932 allaturas.
1613 2889 1617 2892 ’

376 2972 415 3015 1.
449 2970 749 3016 Pulcherrima
779 2970 896 3027 ρἧις
926 2976 995 3014 est
1013 2968 1220 3026 Megarae
1251 2984 1277 3011 a
1298 2984 1339 3011 v.
1362 2968 1465 3023 451,
1499 2982 1585 3026 qua
1615 2975 1842 3013 revertens
1875 2983 1975 3013 cum
1995 2969 2321 3029 Amphitryone

157 3062 308 3094 socero
340 3055 385 3094 et
414 3049 519 3095 filiis
552 3056 707 3099 ornatu
738 3049 909 3094 funebri
939 3055 987 3092 ut
1013 3048 1151 3093 voluit
1181 3047 1405 3091 instructis
1437 3047 1527 3090 iam
1559 3047 1708 3090 omnia
1738 3054 1894 3106 parata
1924 3062 2022 3093 esse
2054 3048 2108 3092 ad
2144 3048 2322 3093 caedem

155 3126 286 3185 fassa,
309 3128 521 3173 memoria
539 3128 695 3173 recolit
715 3142 826 3187 quae
848 3127 953 3172 olim
976 3142 1002 3170 a
1022 3126 1169 3186 pueris
1199 3140 1410 3185 prospera
1440 3126 1762 3184 exspectaverit
1793 3127 1831 3170 si
1863 3127 1956 3171 vita
1986 3133 2195 3184 maneret,
2231 3128 2320 3171 iam

155 3211 205 3250 ut
234 3213 417 3265 apparet
437 3206 493 3254 ad
514 3206 687 3252 irritum
708 3206 898 3263 redacta,
933 3205 1119 3264 denique
1148 3204 1457 3250 ardentissima
1477 3218 1606 3263 prece
1626 3203 1864 3250 Herculem
1895 3205 2000 3264 adit,
2035 3212 2081 3251 ut
2113 3206 2319 3251 exoriens

1982 3281 2032 3323 10
