2478 3489
1229 117 1259 161 5

159 235 294 281 tionis
324 235 466 280 forma
495 249 584 278 non
616 241 821 278 mutatur.
870 233 959 289 Qui
992 251 1142 280 versus
1164 237 1202 281 si
1222 237 1369 280 nullus
1402 244 1529 292 esset,
1563 252 1590 279 a
1621 236 1794 279 nemine
1817 236 2147 292 desideraretur,
2182 251 2324 294 neque

160 314 208 357 in
229 313 312 357 hoc
334 311 512 357 exordio

665 392 768 435 εἷεν·
803 395 863 442 τίς
894 390 1046 448 ἱερεύς,
1078 396 1140 443 τίς
1171 391 1362 451 σφαγεὺς
1392 393 1477 436 τῶν
1509 391 1786 449 δυσπότμων’,·

665 472 794 526 ἕτοιμ’
826 470 949 524 ἄγειν
978 470 1032 513 τὰ
1065 469 1227 528 θύματ’
1258 473 1319 521 εἰς
1340 471 1492 514 Ἀιδου
1522 470 1625 513 τάδε

164 562 262 592 esse
295 547 417 591 dicas·
448 546 565 605 quod
597 562 685 591 non
716 548 844 606 plene
866 555 943 591 aut
972 564 1060 592 non
1087 556 1205 592 recte
1236 548 1400 592 elatum
1432 549 1502 604 sit,
1536 548 1644 592 adeo
1678 556 1724 591 ut
1754 565 1809 591 ne
1830 549 2117 606 interpolator
2147 547 2325 607 quidem

161 625 369 670 habuisse
400 625 620 683 videatur,
654 626 769 685 quod
807 626 891 671 hoc
928 633 1004 671 aut
1042 627 1130 671 ullo
1170 627 1472 685 supplemento
1504 627 1745 670 orationem
1777 635 1966 685 augeret.
2030 624 2172 682 Quem
2206 628 2323 687 quod

159 703 523 750 Wilamowitzius
556 705 711 749 scribit
740 705 965 763 Megaram
998 706 1103 765 quia
1132 720 1219 749 non
1252 706 1367 748 inter
1397 704 1578 762 θύματα
1609 705 1788 748 referret
1819 706 2109 762 desiderasse,
2144 706 2198 750 de
2228 706 2322 750 Me-

159 798 265 839 gara
294 781 481 827 fortasse
513 790 631 828 recte
662 783 809 840 sentit,
844 783 922 828 sed
953 783 1254 842 interpolatori
1286 798 1486 827 veremur
1507 799 1562 826 ne
1594 784 1777 826 nimium
1811 784 2066 844 subtilitatis
2098 786 2320 828 attribuat.

159 860 325 904 Verum
358 874 510 904 versus
543 860 703 904 adiecti
735 875 1033 919 quaecumque
1066 870 1133 905 est
1164 862 1299 919 origo,
1333 862 1371 905 si
1403 861 1536 905 habet
1567 876 1663 904 eam
1686 875 1817 918 quam
1850 861 1980 917 vulgo
2013 862 2195 906 credunt
2225 878 2322 906 sen-

158 938 360 993 tentiam,
399 945 448 982 ut
477 938 657 996 Megara
689 954 736 983 se
769 940 860 983 suis
893 954 1001 998 quos
1034 947 1135 983 ante
1174 939 1334 983 dixerit
1372 938 1524 982 eodem
1562 946 1712 982 tenore
1750 939 2025 995 adnumeret,
2063 940 2145 983 hoc
2178 941 2321 983 alieno

159 1016 334 1060 dicendi
365 1032 523 1074 genere
553 1018 753 1062 immixto
785 1033 896 1076 quae
928 1019 1037 1062 scite
1069 1018 1310 1076 composita
1340 1026 1464 1061 erant
1496 1017 1744 1061 duriuscule
1775 1025 2121 1076 corrumpuntur.
2174 1017 2321 1073 Quare

158 1101 233 1139 aut
264 1094 618 1140 condemnandus
652 1103 719 1140 est
755 1111 907 1140 versus
947 1103 1022 1140 aut
1059 1095 1186 1140 aliter
1223 1083 1588 1154 interpretandus.
1652 1095 1711 1138 Et
1742 1095 1825 1138 hoc
1867 1103 1914 1139 ut
1942 1096 2155 1140 faciamus
2188 1098 2321 1141 dictio

158 1174 255 1231 ipsa
288 1173 458 1217 videtur
489 1173 684 1230 suadere,
718 1175 765 1217 in
796 1190 882 1232 qua
903 1173 1016 1217 nihil
1047 1181 1115 1218 est
1135 1174 1251 1232 quod
1281 1190 1370 1217 non
1392 1175 1549 1217 mirum
1582 1182 1711 1230 esset,
1747 1174 1784 1217 si
1816 1174 1863 1216 id
1894 1183 2043 1232 ageret
2063 1175 2243 1231 Megara
2275 1184 2323 1218 ut

158 1258 296 1295 semet
340 1251 589 1296 infelicibus
639 1267 747 1310 quos
789 1252 900 1295 dixit
936 1241 1201 1295 adnecteret.
1254 1249 1373 1304 Quid
1412 1267 1514 1309 ergo
1553 1252 1648 1296 est?
1700 1251 1925 1309 Megaram
1967 1252 2153 1297 vidimus
2191 1254 2318 1307 filios,

158 1331 316 1388 quibus
349 1331 533 1388 petierat
564 1336 665 1374 ante
698 1338 745 1373 ut
776 1331 862 1374 sibi
892 1330 1047 1389 liceret
1078 1331 1283 1374 vestitum
1312 1329 1538 1374 funebrem
1570 1330 1750 1374 induere
1782 1328 1922 1386 (329),
1957 1347 2073 1375 nunc
2106 1339 2152 1375 ut
2184 1333 2323 1376 voluit

158 1416 333 1451 ornatos
364 1408 590 1451 reducere:
640 1409 749 1451 haec
780 1409 914 1464 igitur
945 1412 1094 1464 ἕτοιμα
1126 1409 1306 1464 θύματα
1339 1409 1549 1466 appellat,
1591 1409 1750 1465 quibus
1789 1409 1908 1463 ιερέα
1940 1410 2011 1452 vel
2042 1415 2216 1467 σφαγέα
2248 1427 2320 1453 ex-

155 1487 310 1545 poscit.
360 1484 658 1558 Quamobrem
686 1486 739 1529 de
760 1487 906 1544 pueris
938 1501 1037 1529 cum
1068 1486 1132 1529 ita
1164 1485 1307 1529 dicit‘
1318 1486 1416 1543 quis
1438 1486 1526 1529 iam
1548 1492 1762 1530 mactator
1784 1494 1852 1530 est
1871 1485 2178 1543 infelicium?',
2212 1487 2321 1531 haec

159 1565 307 1608 dolore
345 1570 543 1608 materno
575 1579 784 1621 expressa
815 1563 973 1607 addit‘
988 1564 1056 1607 vel
1088 1562 1222 1620 (quod
1255 1563 1372 1607 idem
1403 1560 1487 1619 est)
1519 1579 1641 1608 meae
1674 1564 1858 1607 miserae
1897 1565 2012 1608 vitae
2044 1563 2318 1609 interfector-²

156 1644 219 1687 ita
251 1642 456 1686 videlicet
484 1642 691 1698 sentiens,
725 1643 800 1700 qui
822 1642 984 1685 liberos
1007 1656 1109 1685 suos
1131 1642 1399 1696 mactaverit,
1434 1657 1535 1684 vere
1567 1658 1690 1686 suam
1722 1643 1874 1686 matris
1907 1643 2100 1685 animam
2130 1643 2318 1686 haurire.

157 1720 281 1775 Quae
314 1722 352 1765 si
384 1729 451 1764 est
482 1722 700 1764 sententia
731 1722 866 1764 notati
903 1736 1073 1776 versus,
1115 1736 1201 1763 non
1240 1721 1326 1763 iam
1358 1721 1616 1763 mirabimur
1653 1721 1893 1764 orationem
1925 1737 2036 1778 quae
2068 1738 2156 1765 non
2187 1722 2321 1766 habet

157 1800 243 1844 nisi
275 1799 392 1858 quod
423 1800 595 1857 egregie
627 1799 682 1842 ad
715 1815 813 1843 eam
844 1799 1104 1857 applicetur,
1139 1814 1281 1856 neque
1319 1799 1555 1842 verendum
1588 1807 1672 1853 est,
1715 1815 1769 1842 ne
1801 1799 1884 1843 hoc
1915 1815 2044 1843 versu
2076 1801 2317 1856 interiecto,

157 1879 231 1936 qui
263 1878 374 1922 nihil
404 1879 492 1921 nisi
525 1878 760 1935 superioris
794 1878 882 1921 vim
915 1885 959 1920 et
991 1877 1252 1921 sententiam
1292 1876 1464 1920 diverso
1504 1876 1680 1934 quidem
1714 1893 1872 1934 genere
1904 1878 2079 1921 dicendi
2110 1879 2319 1936 interpre-

155 1964 282 2012 tatur,
316 1956 510 2014 reliquae
542 1956 751 1999 orationis
783 1956 901 1999 color
932 1962 1007 1999 aut
1035 1970 1267 2013 compages
1297 1954 1483 1998 violetur
1513 1970 1565 1999 ac
1598 1955 1804 1999 solvatur.
1854 1955 2164 2000 Tribuimusne
2186 1958 2320 2013 igitur

157 2051 342 2091 versum,
378 2036 452 2092 qui
486 2035 555 2077 cui
578 2034 760 2077 consilio
782 2034 994 2077 inserviat
1014 2033 1316 2090 intelligimus,
1353 2041 1506 2091 poetae
1528 2035 1673 2091 potius
1695 2049 1826 2092 quam
1849 2035 2179 2093 interpolatori?
2217 2036 2316 2078 Non

154 2129 236 2157 nos
268 2113 391 2170 fugit,
426 2112 531 2171 quid
553 2111 806 2170 responderi
827 2111 983 2170 possit:
1017 2127 1098 2156 nos
1119 2110 1347 2167 Megaram
1370 2112 1431 2155 ita
1462 2111 1712 2168 loquentem
1733 2111 1888 2168 facere,
1924 2113 2048 2170 quasi
2081 2113 2316 2157 liberorum

154 2200 323 2236 tantum
356 2193 511 2236 caedes
543 2208 595 2235 ac
631 2208 719 2235 non
751 2192 888 2249 ipsius
926 2205 1097 2248 quoque
1129 2197 1173 2233 et
1203 2189 1543 2247 Amphitryonis
1582 2198 1800 2247 ageretur3
1840 2206 1951 2248 quae
1989 2203 2133 2235 tamen
2166 2192 2314 2235 statim

155 2272 301 2314 omnia
329 2271 620 2328 complectens
655 2270 771 2313 dicat

659 2347 694 2391 ὦ
725 2351 848 2399 τέκν’,
881 2345 1086 2403 ἀγόμεθα
1119 2348 1263 2401 ζεῦγος
1294 2343 1347 2391 οὗ
1377 2345 1514 2391 καλὸν
1546 2350 1730 2403 νεκρῶν,

659 2426 768 2485 ὁμοῦ
796 2430 991 2483 γέροντες
1022 2428 1094 2470 καὶ
1126 2429 1215 2470 νέοι
1246 2428 1318 2469 καὶ
1348 2428 1535 2483 μητέρες.

152 2508 215 2550 At
246 2506 314 2550 his
346 2521 495 2550 rursus
528 2520 640 2564 quae
672 2506 964 2549 subiiciuntur
995 2504 1102 2559 (456
1125 2501 1210 2562 sq.)

657 2582 693 2627 ὦ
722 2592 855 2639 μοῖρα
888 2581 1134 2626 δυστάλαιν’
1165 2581 1245 2639 ἐμή
1277 2599 1320 2624 τε
1350 2584 1424 2624 καὶ
1454 2586 1612 2624 τέκνων

657 2663 800 2713 τῶνδ’,
832 2663 906 2712 οὓς
936 2658 1171 2707 πανύστατ’
1205 2660 1393 2716 ὄμμασιν
1425 2660 1758 2715 προσδέρκομαι,

154 2746 227 2798 qui
259 2741 505 2797 attenderit,
540 2748 725 2784 matrem
756 2741 977 2784 videbitur
1007 2740 1156 2783 audire
1188 2755 1299 2797 quae
1332 2739 1416 2781 sibi
1447 2739 1561 2780 filios
1594 2752 1702 2793 quos
1734 2737 1950 2793 pepererit
1982 2737 2174 2780 violenta
2204 2753 2312 2780 nece

154 2820 315 2863 auferri
347 2827 648 2878 conqueratur,
681 2836 768 2863 non
802 2835 911 2878 quae
933 2820 1030 2878 ipsa
1051 2819 1181 2863 simul
1201 2834 1300 2862 cum
1322 2818 1376 2861 iis
1398 2825 1581 2860 mortem
1601 2816 1774 2859 obitura
1796 2815 1866 2858 sit.
1914 2814 1974 2858 Et
2004 2814 2087 2859 hoc
2118 2831 2196 2874 per
2227 2817 2312 2874 pri·

152 2914 267 2943 mam
301 2905 469 2957 partem
507 2898 682 2942 fabulae
714 2898 777 2942 ita
809 2905 1107 2956 comparatum
1138 2904 1222 2953 est,
1265 2904 1328 2952 ut,
1368 2895 1566 2953 quamvis
1607 2894 1771 2944 παῖδας
1785 2892 2062 2950 “Ηρακλείους
2096 2911 2183 2938 una
2213 2910 2312 2938 cum

149 2982 288 3022 matre
321 2984 366 3021 et
396 2977 534 3037 patris
566 2984 690 3036 patre
717 2977 890 3034 tyranni
924 2975 1128 3035 superbia
1149 2975 1329 3019 acerbae
1351 2974 1479 3017 morti
1512 2973 1703 3028 obiiciat,
1737 2980 1883 3015 tamen
1915 2973 1981 3015 illi
2013 2973 2123 3016 adeo
2155 2975 2311 3017 ceteris

151 3055 395 3113 superiores
429 3056 530 3113 sint,
564 3063 613 3099 ut
643 3069 773 3114 saepe
805 3055 887 3098 soli
915 3054 1198 3113 appellentur,
1231 3053 1350 3095 velut
1381 3053 1436 3095 ab
1459 3052 1780 3109 Amphitryone
1802 3067 1843 3094 v.
1867 3052 1953 3094 317
1979 3067 2014 3094 s.
2037 3059 2081 3094 et
2103 3053 2203 3106 343,
2237 3060 2312 3094 aut

148 3148 175 3175 a
206 3134 385 3177 senibus
418 3135 538 3177 chori
571 3150 611 3177 v.
634 3136 724 3178 430
755 3138 901 3187 στέγαι
932 3134 971 3176 δ’
993 3134 1142 3189 ἔρημοι
1173 3133 1329 3188 φίλων,
1362 3130 1442 3173 τάν
1473 3131 1512 3173 δ’
1535 3129 1772 3186 ἀνόστιμον
1804 3133 1964 3173 τέκνων
1983 3130 2198 3185 Χάρωνος
2218 3132 2309 3173 ἐπι-

147 3215 267 3268 μένει
298 3212 445 3258 πλάτα
475 3216 573 3269 βίου
603 3211 818 3257 κέλευθον
849 3210 993 3256 ἄθεον
1023 3209 1176 3256 ἄδικον
1203 3217 1247 3254 et
1273 3209 1375 3267 432,
1410 3217 1454 3253 et
1486 3208 1555 3253 vel
1586 3208 1648 3254 ibi
1682 3209 1757 3253 ubi
1779 3216 1868 3254 tres
1899 3215 2047 3268 partes
2079 3208 2310 3266 designan-

148 3299 236 3348 tur,
270 3298 417 3337 tamen
449 3307 607 3348 pueros
638 3290 912 3350 potissimam
944 3305 1058 3347 esse,
1094 3296 1140 3334 ut
1171 3295 1312 3346 erant,
1346 3293 1626 3346 agnoscatur:
1676 3287 1828 3347 quales
1860 3294 1963 3334 sunt
1992 3302 2144 3333 versus
2178 3287 2235 3332 39
2268 3294 2311 3333 et
