2478 3489
1226 134 1252 178 7

731 258 836 300 εἶεν*
870 259 932 307 τίς
962 254 1117 312 ἱερεύς,
1148 260 1210 307 τίς
1241 254 1433 314 σφαγεὺς
1464 260 1550 301 τῶν
1581 255 1854 314 δυσπότμων,

732 335 758 391 ἢ
789 336 862 390 τῆς
893 336 1097 392 ταλαίνης
1128 332 1246 392 τῆς.)
1277 336 1380 392 ε’μῆς
1411 337 1554 392 ψυχῆς
1584 334 1764 393 ‹pov-stig,-

732 413 861 469 ἕτοιμ’
894 411 1017 467 ἄγειν
1047 411 1102 457 τὰ
1132 410 1296 469 θύματ’
1327 415 1388 464 εἷς
1409 413 1560 458 Ἀιδου
1592 412 1712 465 τάδε,

154 498 339 535 matrem
380 489 596 546 depingit,
637 504 748 547 quae
786 492 854 534 s‘ui
885 492 1015 549 plane
1046 492 1312 535 obliviscens
1344 492 1532 535 filiorum
1564 499 1733 535 tantum
1764 499 1925 535 sortem
1957 498 2129 549 reputat
2160 499 2204 535 et
2235 508 2322 550 quo

156 569 304 613 dolore
325 582 420 611 eam
444 575 681 626 exceptura
701 570 771 613 sit.
804 568 947 613 Immo
978 570 1048 613 vel
1070 585 1123 613 ea
1153 584 1265 627 quae
1293 569 1400 613 dicit
1430 586 1471 614 v.
1494 570 1583 614 492
1615 568 1795 630 θνῄσκει
1816 569 1957 627 πατὴρ
1985 569 2059 621 σὸς
2090 573 2164 614 καὶ
2193 573 2321 622 τέκν’,

154 647 341 704 ὄλλυμαι
370 647 411 690 δ’
424 636 526 701 ἐγῶ,
557 647 583 704 ἣ
613 649 715 703 πρὶν
743 652 939 704 μακαρία
970 647 1045 691 διὰ
1076 645 1115 692 σ’
1129 647 1363 706 ἐκλῃζόμην
1392 655 1437 691 et
1466 663 1616 691 rursus
1639 649 1724 691 537
1757 651 1832 691 καὶ
1862 648 1959 705 τᾶμ’
1992 648 2177 708 ἔθνῃσκε
2196 652 2316 705 τέκν’,

154 723 421 781 ἀπωλλύμην
452 725 492 768 δ’
507 724 611 779 ἐγώ,
644 740 906 783 quamquam
938 726 994 769 iis
1026 726 1205 769 minime
1237 725 1515 783 obloquimur
1536 741 1644 783 quae
1667 724 2031 769 Wilamowitzius
2063 727 2118 770 ad
2150 728 2193 770 h.
2211 729 2239 770 l.
2264 728 2319 770 de

154 803 356 861 neglecta
386 803 611 861 anaphora
641 803 886 859 adnotavit,
927 805 972 847 in
1006 804 1193 847 similem
1226 805 1487 847 senteutiam
1520 805 1717 861 accipere
1749 804 1964 847 malumus
1995 820 2084 847 non
2116 812 2163 847 ut
2194 820 2319 848 suam

153 881 334 938 Megara
354 888 539 924 mortem
561 882 637 925 sed
661 881 830 924 cladem
851 882 1028 925 sibimet
1047 896 1102 925 ex
1117 882 1308 925 filiorum
1323 882 1413 925 fato
1430 892 1683 925 nascentem
1700 882 1930 938 significet,
1953 883 1999 925 in
2021 897 2119 925 eum
2141 882 2318 926 modum

155 974 285 1018 quem
305 958 484 1002 Electra
503 959 611 1001 dicit
632 960 722 1002 914
743 957 974 1010 ἀπώλεσας
994 976 1049 1016 με
1068 958 1305 1018 καῖρφανὴν
1326 961 1457 1017 φίλου
1468 955 1642 1016 ’πατρός
1673 962 1746 1001 καὶ
1767 959 1884 1002 τόνδ’
1903 960 2069 1018 ἔθηκας
2088 959 2161 1017 (ci.
2183 958 2318 1016 1092)

154 1045 228 1082 aut
258 1036 473 1082 Hercules
508 1037 625 1083 1392
656 1036 858 1090 ἅπαντας
889 1036 1141 1095 πενθήσατε
1170 1036 1345 1094 νεκρούς
1376 1055 1419 1082 τε
1449 1035 1579 1092 κᾶμέ·
1612 1036 1771 1089 πάντες
1791 1036 2069 1094 ἐξολώλαμεν
2098 1039 2179 1094 μιᾷ
2210 1039 2319 1095 πλη-

152 1119 295 1169 γέντες
326 1114 441 1174 τύχῃ.
489 1115 577 1159 Sed
605 1117 659 1159 de
691 1118 759 1160 his
792 1117 1003 1176 quidquid
1036 1118 1311 1173 iudicabitur,
1346 1119 1475 1160 istam
1508 1119 1763 1173 orationem,
1798 1133 1853 1160 ex
1873 1133 1961 1175 qua
1987 1119 2130 1161 exorsi
2154 1133 2315 1173 sumus,

157 1193 356 1237 videmur
386 1193 514 1237 nobis
548 1194 655 1238 satis
687 1201 803 1238 recte
836 1194 1084 1252 expediisse
1115 1210 1256 1252 neque
1288 1195 1326 1238 ei
1361 1196 1594 1253 quicquam
1618 1204 1819 1253 putamus
1852 1195 2153 1253 impedimenti
2176 1211 2231 1238 ex
2252 1211 2318 1238 or-

158 1272 259 1314 dine
281 1273 597 1315 sententiarum
617 1273 735 1316 oriri.
783 1273 1054 1330 Principium
1075 1274 1191 1316 enim
1214 1272 1372 1331 ῥήσεως
1393 1288 1493 1316 cum
1515 1274 1576 1316 ita
1607 1274 1808 1316 decurrat
1829 1271 2049 1329 (volumus
2071 1274 2190 1317 enim
2210 1274 2319 1317 haec

154 1351 229 1407 qui
261 1350 410 1406 legant
439 1350 560 1408 ipsos
593 1348 805 1406 iudicare)

729 1431 833 1472 εἶεν·
867 1433 928 1479 τίς
957 1428 1111 1484 ἱερεύς,
1143 1433 1204 1479 τίς
1234 1428 1429 1486 σφαγεύς
1460 1431 1545 1472 τῶν
1576 1429 1851 1486 δυσπότμων,

730 1509 755 1564 ἢ
786 1509 856 1564 τῆς
886 1510 1091 1565 ταλαίνης
1121 1510 1194 1564 τῆς
1224 1509 1327 1565 ἐμῆς
1357 1512 1497 1564 ψυχῆς
1529 1508 1713 1565 φονεύς,-

729 1588 858 1641 ἒτοιμ’
891 1584 1013 1639 ἄγειν
1043 1585 1097 1629 τὰ
1128 1584 1291 1641 θύματ’
1323 1588 1383 1635 εἰς
1403 1586 1557 1630 Ἀιδου
1581 1585 1705 1634 τάδε.

729 1662 767 1707 ὦ
795 1666 918 1716 τέκν’,
950 1662 1157 1721 ἀγόμεθα
1188 1665 1333 1719 ζεῦγος
1365 1662 1417 1708 οὗ
1449 1664 1586 1708 καλὸν
1617 1666 1795 1720 νεκρῶν,

574 1742 664 1788 455
726 1742 837 1800 ὁμοῦ
863 1747 1060 1800 γέροντες
1091 1746 1164 1787 καὶ
1196 1748 1286 1788 νέοι
1315 1746 1388 1787 καὶ
1418 1747 1605 1801 μητέρες.

727 1820 763 1866 ὦ
792 1831 926 1879 μοῖρα
958 1822 1206 1867 δυστάλαιν’
1237 1822 1319 1880 ἐμή
1349 1840 1393 1866 τε
1423 1826 1496 1866 καὶ
1528 1827 1687 1866 τέκνων

727 1902 870 1953 τῶνδ’,
901 1902 978 1952 οὓς
1008 1901 1247 1946 πανύστατ’
1279 1901 1468 1959 ὄμμασιν
1497 1900 1829 1957 προσδέρκομαι.

726 1980 869 2024 ἔτεκον
898 1981 980 2036 μὲν
1011 1979 1140 2036 ὑμᾶς,
1172 1982 1394 2036 πολεμίοις
1426 1980 1465 2023 δ’
1486 1979 1751 2035 ἐθρεψάμην

726 2050 914 2114 ὕβρισμα
944 2056 1200 2115 κάπίχαρμα
1231 2062 1304 2102 καὶ
1335 2057 1609 2115 διαφθοράν,

151 2141 332 2190 apparet
368 2133 447 2177 has
486 2141 574 2177 tres
614 2149 710 2177 esse
742 2135 980 2179 sententias
1024 2151 1135 2194 quae
1173 2152 1260 2179 non
1299 2143 1452 2194 suapte
1485 2141 1640 2193 sponte
1677 2141 1856 2177 manant
1887 2140 1930 2175 et
1960 2139 2182 2189 tamquam
2215 2146 2313 2174 con-

150 2211 297 2253 tinuae
337 2226 424 2254 una
455 2212 566 2255 serie
599 2227 646 2255 se
685 2213 908 2270 excipiunt
940 2213 1016 2257 sed
1047 2213 1285 2257 fluctuante
1317 2214 1538 2271 loquentis
1571 2214 1736 2266 animo,
1772 2227 1868 2253 cum
1900 2210 2139 2253 identidem
2171 2209 2312 2252 denuo

151 2288 329 2344 orditur,
364 2304 419 2332 ex
445 2290 600 2333 intimo
632 2292 820 2348 pectoris
849 2298 967 2353 motu
999 2303 1270 2349 promuntur.
1334 2290 1434 2345 Quo
1467 2291 1606 2347 magis
1638 2289 1966 2332 infelicissimae
1998 2288 2124 2330 matri
2159 2287 2310 2330 demus

149 2367 232 2412 hoc
264 2363 449 2427 quoque,
484 2377 532 2413 ut
562 2370 677 2414 filios
710 2386 812 2414 suos
845 2356 1034 2414 mactare
1065 2369 1148 2414 hoc
1180 2385 1276 2413 esse
1307 2370 1460 2413 matris
1493 2370 1628 2412 vitam
1660 2368 1909 2411 interimere
1933 2365 2081 2409 dolore
2103 2380 2311 2423 oppressa

72 2504 73 2507 Ἴ
148 2446 347 2490 fateatur.

365 2525 564 2570 Extremi
593 2541 694 2570 vero
728 2542 878 2586 versus
911 2526 1105 2570 eiusdem
1137 2524 1311 2584 ῥήσεως,
1344 2524 1397 2567 de
1429 2539 1515 2582 qua
1542 2523 1740 2578 dicimus,
1776 2522 1934 2580 quibus
1964 2521 2157 2578 Megara,
2191 2527 2309 2578 post-

72 2660 76 2663 μ
150 2617 280 2659 quam
313 2604 461 2648 omnia
491 2605 616 2648 irrita
645 2605 762 2650 facta
783 2620 894 2663 quae
916 2606 1033 2650 bona
1054 2611 1303 2663 speraverat
1323 2604 1561 2648 lamentata
1582 2609 1662 2654 est,
1696 2601 1753 2645 ad
1780 2608 2021 2644 extremum
2043 2605 2216 2657 praeter
2237 2614 2309 2642 ex-

149 2683 463 2737 spectationem
484 2682 720 2728 Herculem
752 2698 883 2741 quem
915 2699 962 2727 se
993 2692 1210 2727 mortuum
1243 2681 1416 2725 credere
1448 2680 1716 2724 asseveravit
1738 2685 1840 2722 ante
1861 2676 1970 2734 (296
1993 2674 2079 2735 sq.)
2110 2678 2311 2735 impensa

147 2773 276 2815 prece
292 2759 480 2817 invocat,
504 2768 552 2804 ut
573 2776 628 2805 ex
649 2762 801 2807 inferis
823 2762 879 2805 ad
901 2776 948 2806 se
970 2776 1158 2819 suosque
1180 2759 1416 2805 servandos
1434 2759 1661 2813 acceleret,
1686 2758 1804 2801 varie
1822 2757 1886 2800 illi
1908 2755 2087 2815 quidem
2108 2756 2310 2814 temptati

148 2843 251 2880 sunt
281 2853 308 2881 a
340 2838 479 2883 doctis
511 2839 590 2883 sed
621 2840 772 2898 scripti
805 2841 851 2883 in
883 2840 1007 2884 libris
1041 2846 1145 2884 sunt
1174 2839 1221 2882 in
1252 2839 1368 2881 hunc
1398 2837 1587 2880 modum.

532 2919 621 2963 490
682 2916 719 2962 ὦ
750 2920 930 2976 φίλτατ’,
951 2922 992 2962 εἴ
1020 2935 1081 2969 τις
1112 2916 1317 2975 φθόγγον
1347 2906 1640 2960 εἶσακοόσεται

685 2999 863 3055 θνητῶν
893 2999 996 3053 παρ’
1019 2997 1160 3056 Ἅιδῃ,
1192 2998 1258 3040 σοὶ
1289 2994 1401 3046 τάδ’,
1425 2993 1664 3050 Ἡράκλεις,
1696 2995 1826 3046 λέγω·

367 3181 404 3225 *)
429 3179 667 3237 Ambigimus
698 3184 827 3217 utrum
858 3180 1093 3217 retineamus
1124 3180 1194 3216 hoc
1226 3178 1324 3224 quod
1354 3178 1520 3214 fortasse
1558 3176 1654 3214 ferri
1687 3180 1844 3223 poterat
1873 3187 1924 3213 an
1953 3174 2032 3213 leui
2065 3185 2181 3222 opera
2211 3177 2310 3219 τῆσδ’

151 3243 404 3284 restituamus
441 3248 525 3285 c'um
561 3245 797 3285 Hermanno:
850 3246 917 3284 sed
954 3250 1059 3284 certe
1097 3245 1146 3282 ad
1182 3255 1364 3282 summam
1394 3254 1533 3282 causae
1568 3254 1680 3290 quam
1715 3243 1866 3291 agimus
1900 3243 1972 3282 hoc
2007 3253 2083 3281 non
2117 3241 2310 3290 pertinere

147 3315 307 3358 appetet
329 3323 453 3360 neque
479 3312 557 3351 erit
582 3313 646 3361 qui
670 3313 710 3350 in
735 3324 781 3350 ea
806 3324 951 3360 quoque
977 3324 1020 3350 re
1045 3310 1332 3360 interpolatoris
1357 3311 1528 3348 fraudem
1557 3316 1757 3359 agnoscat.
