2478 3489
1232 110 1259 153 8

692 228 874 292 θνῄσκει
907 228 1046 287 πατὴρ
1079 229 1151 280 σὸς
1182 232 1255 273 καὶ
1287 232 1412 281 τέκν’,
1445 228 1627 283 ὄλλυμαι
1659 226 1698 269 δ’
1718 224 1822 280 ἐγώ,

694 309 718 365 ἢ
748 311 854 365 πρὶν
884 313 1081 367 μακαρία
1114 308 1186 353 διὰ
1221 311 1263 353 σ’
1284 306 1519 367 ἐκλῃζόμην
1548 311 1731 365 βροτοῖς.

539 388 629 430 494
692 387 856 445 ἄρηξον
887 389 994 432 ἐλθὲ
1026 391 1098 431 καὶ
1130 387 1230 431 σκιὰ
1260 386 1438 445 φάνηθί
1467 396 1560 443 μοι·

556 488 612 495 —-
691 465 788 516 ἃλις
818 465 903 522 γὰρ
935 465 1087 510 ἐλθών
1117 464 1271 509 ἱκανὸν
1302 467 1361 509 ἄν
1391 469 1536 519 γένοιο
1568 463 1636 509 σύ·

559 567 614 573 -
693 547 818 587 κακοὶ
848 545 934 599 γὰρ
966 545 1027 595 εἰς
1059 547 1106 587 σε’
1136 546 1176 597 γ’
1200 548 1247 588 οἳ
1274 547 1402 587 τέκνα
1433 547 1642 587 κτείνουσι
1673 540 1744 586 σοι’.

151 622 204 665 In
239 621 306 665 his
340 637 451 679 quae
485 621 592 665 dicit
622 626 664 666 εἴ
692 638 752 672 τις
784 621 991 679 φθόγγον
1021 620 1317 666 εἶσακούσεται
1351 624 1528 678 θνητῶν
1559 622 1598 666 si
1630 636 1734 664 vera
1765 627 1878 674 sunt,
1913 633 1999 661 non
2033 623 2217 675 possunt
2243 616 2330 660 nisi

152 699 235 743 hoc
271 699 401 743 modo
440 700 629 757 intelligi
673 704 714 744 εἴ
748 717 809 752 τις
848 702 949 757 παρ’
973 700 1099 759 Ἀιδῃ
1136 698 1433 745 εἶσακοόσεται
1469 700 1648 758 θνητῶν
1678 698 1901 757 φθόγγον,
1941 696 2017 741 sed
2050 696 2195 740 sintne
2227 709 2332 739 vera

152 796 207 822 an
247 779 364 836 quod
399 780 618 837 plerisque
656 780 798 823 visum
830 787 897 823 est
930 779 1185 837 depravata,
1233 780 1308 837 qui
1340 779 1430 823 fere
1463 778 1651 822 Nauckii
1685 784 1931 822 commento
1965 777 2031 820 usi
2064 775 2263 819 scribunt
2292 777 2334 817 εἴ

152 874 213 907 τις
236 856 442 914 φθόγγος
462 856 749 908 εἰσακούεται,
782 865 898 901 certo
921 857 1163 901 diiudicare
1185 873 1272 901 non
1307 857 1531 901 audemus.
1587 855 1677 900 Sed
1699 857 1752 899 de
1774 857 1914 900 tribus
1942 855 2107 898 ultimis
2130 853 2330 898 versibus

154 936 390 979 dicendum
412 943 490 979 est.
540 934 738 989 Quorum
759 936 805 978 in
828 936 969 993 primo
1003 936 1078 993 qui
1099 943 1203 979 sunt
1224 942 1312 979 tres
1335 935 1583 992 imperativi
1604 934 1770 991 ἄρηξον
1791 935 1898 978 ἐλθὲ
1921 936 1993 976 καὶ
2014 932 2112 977 σκιὰ
2139 930 2332 990 φάνηθι,

155 1013 294 1056 critici
326 1014 446 1056 varie
478 1013 673 1070 copulari
706 1013 949 1069 voluerunt,
984 1013 1158 1071 ἄρηξον,
1189 1013 1297 1057 ἐλθὲ
1331 1014 1404 1056 καὶ
1436 1010 1552 1063 σκιά,
1585 1010 1781 1068 φάνηθι,
1814 1011 1884 1055 vel
1916 1011 2092 1068 ἄρηξον,
2125 1011 2231 1055 ἐλθὲ
2258 1012 2332 1053 καὶ

154 1091 252 1134 σκιά
281 1090 473 1148 φάνηθι,
504 1098 706 1134 neutrum
739 1091 1038 1149 probabiliter,
1075 1106 1126 1133 ac
1148 1091 1237 1134 vim
1272 1091 1504 1134 verborum
1526 1090 1599 1148 qui
1623 1090 1868 1133 accuratius
1889 1089 2218 1145 examinaverit,
2242 1103 2331 1132 non

155 1169 385 1224 dubitabit,
405 1169 510 1226 quin
532 1168 641 1212 haec
657 1169 742 1212 tria
763 1169 853 1213 sint
869 1167 1106 1225 κομμᾶιια,
1123 1166 1368 1218 α’συνδέτως
1386 1168 1640 1226 composita,
1664 1174 1708 1211 et
1723 1170 1797 1211 καὶ
1812 1167 2027 1225 particula
2047 1183 2137 1211 non
2154 1167 2331 1210 coniun-

153 1246 285 1303 gendi
318 1246 463 1290 officio
495 1246 703 1304 fungatur
734 1245 812 1290 sed
846 1246 934 1289 vim
968 1245 1241 1289 diminuendi
1273 1245 1434 1290 habeat
1465 1244 1595 1301 (auch
1625 1242 1729 1301 nur)
1762 1260 1848 1303 qua
1881 1244 1926 1288 id
1960 1245 2184 1289 extollitur
2215 1243 2332 1303 quod

153 1332 377 1382 tamquam
410 1324 641 1367 minimum
674 1324 863 1381 ponitur.
928 1323 1109 1380 Megara
1141 1331 1287 1367 autem
1320 1338 1587 1381 quamquam
1608 1323 1845 1367 Herculem
1876 1330 2095 1367 mortuum
2127 1329 2226 1366 ante
2253 1336 2330 1379 pro

155 1410 271 1446 certo
304 1403 467 1461 posuit,
509 1419 624 1446 nunc
662 1403 839 1446 invocat
872 1411 918 1446 ut
950 1403 1099 1446 vivum
1133 1403 1210 1447 sed
1244 1404 1330 1447 sibi
1363 1404 1470 1447 satis
1502 1403 1594 1447 fore
1628 1403 1879 1447 subindicat
1911 1404 1948 1447 si
1981 1403 2050 1447 vel
2084 1403 2237 1446 umbra
2267 1415 2332 1445 re-

154 1482 284 1525 dierit
316 1497 370 1525 ex
401 1482 566 1526 inferis.
621 1482 776 1539 Neque
805 1490 872 1525 est
903 1481 1019 1540 quod
1053 1482 1106 1526 de
1138 1483 1417 1526 invocatione
1445 1489 1714 1526 mortuorum
1748 1483 1961 1538 cogitetur
1993 1497 2090 1526 cum
2122 1479 2332 1525 Wilamo-

152 1561 310 1615 witzio,
346 1561 451 1617 quia
481 1560 589 1603 haec
622 1560 707 1602 tria
740 1560 841 1615 sint,
876 1574 989 1617 quae
1021 1575 1077 1603 ne
1111 1567 1213 1603 sunt
1235 1560 1412 1618 quidem
1435 1560 1520 1603 tria
1539 1561 1715 1618 proprie
1745 1566 1792 1603 ut
1812 1560 1906 1618 ipse
1929 1559 2198 1615 memoravit,
2233 1573 2332 1602 cum

153 1639 230 1681 illa
253 1638 338 1682 duo
370 1638 549 1696 ἄρηξον,
582 1638 690 1682 ἐλθὲ
722 1639 769 1681 in
803 1654 936 1682 unum
970 1638 1233 1695 coalescant,
1268 1638 1388 1682 velut
1418 1638 1596 1683 Electra
1630 1636 1877 1696 Sophoclea
1899 1638 2006 1682 dicit
2038 1638 2137 1694 115,
2171 1637 2332 1689 ἔλθετ’,

154 1713 361 1773 ἀρήξατε,
398 1720 582 1760 τίσασθε
614 1716 778 1772 πατρὸς
811 1716 974 1773 φόνον,
1017 1718 1088 1760 ubi
1120 1717 1346 1760 Nauckius
1378 1718 1524 1760 ἔλθετ’
1556 1714 1721 1772 ἄρωγοί
1754 1717 1886 1760 scribi
1926 1717 2082 1769 voluit,
2121 1716 2335 1759 inutiliter

155 1793 232 1838 sed
266 1793 318 1838 ad
355 1794 618 1839 sententiam
651 1801 767 1839 recte
804 1794 878 1852 (cf.
903 1794 1035 1840 Rhes.
1060 1792 1180 1851 370).
1245 1794 1298 1839 In
1332 1794 1501 1840 duobus
1534 1794 1714 1853 reliquis
1747 1794 1851 1853 quia
1881 1794 1929 1839 in
1960 1794 2097 1840 altero
2130 1801 2226 1840 utro
2259 1801 2334 1840 aut

155 1874 201 1916 in
235 1880 416 1930 utroque
450 1873 617 1930 aliquid
650 1873 917 1917 incommodi
950 1873 1111 1929 haeret,
1145 1873 1333 1928 fuerunt,
1368 1874 1631 1931 quicumque
1654 1874 1856 1931 primum,
1891 1874 1966 1931 qui
1988 1873 2067 1918 hos
2100 1873 2222 1930 duos,
2244 1873 2333 1917 Eu-

154 1950 349 2008 ripideae
382 1951 567 1995 orationi
603 1951 717 1995 male
749 1961 941 2005 assutos,
983 1950 1141 1995 auferri
1174 1951 1387 1995 iuberent.
1442 1949 1616 2006 Quibus
1650 1951 1835 1996 sublatis
1868 1950 1977 1995 haec
2008 1958 2177 1995 restant
2208 1948 2334 2008 (talia

157 2028 274 2072 enim
307 2029 371 2072 uti
394 2045 524 2086 saepe
548 2028 734 2072 dicimus
757 2028 895 2073 oculis
919 2028 1193 2073 subiicienda
1216 2037 1329 2085 sunt,
1366 2037 1412 2073 ut
1441 2029 1589 2087 qualia
1610 2030 1699 2073 sint
1721 2045 1832 2087 quae
1851 2030 2100 2073 criticorum
2121 2030 2333 2073 arbitratu

156 2106 403 2151 efficiantur
435 2108 573 2152 libero
608 2124 739 2151 sensu
772 2108 994 2151 aestimari
1027 2105 1185 2165 possit)

695 2184 729 2229 ὦ
761 2188 949 2243 φίλτατ’,
981 2190 1022 2230 εἴ
1051 2203 1112 2237 τις
1144 2186 1351 2242 φθόγγον
1383 2186 1678 2232 εἶσακούσεται

693 2267 871 2322 θνητῶν
904 2268 1009 2320 παρ’
1035 2265 1173 2323 Ἅιδῃ,
1206 2272 1273 2309 σοὶ
1305 2266 1415 2317 τάδ’,
1441 2263 1684 2322 Ἡράκλεις,
1717 2267 1850 2318 λέγω·

696 2344 876 2406 θνῄσκει
909 2343 1051 2402 πατὴρ
1084 2343 1159 2395 σός
1191 2348 1264 2387 καὶ
1296 2345 1417 2394 τέκν’,
1451 2345 1637 2401 ὄλλυμαι
1669 2345 1708 2388 δ’
1731 2343 1833 2398 ἐγώ,

695 2424 720 2479 ἢ
754 2426 856 2478 πρὶν
885 2428 1083 2481 μακαρία
1116 2423 1192 2467 dui
1223 2423 1515 2482 σ’,ἐκλῃζόμην
1544 2429 1730 2480 βροτοῖς.

695 2501 867 2557 ἄρηξον,
900 2504 1026 2553 ἐλθέ,
1058 2506 1131 2545 καὶ
1163 2503 1262 2546 σκιὰ
1293 2502 1470 2561 φάνηθί
1499 2520 1588 2559 μοι.

159 2582 258 2624 Non
293 2580 478 2624 dicimus
511 2580 711 2623 mutilam
745 2596 840 2624 esse
873 2581 1028 2624 horum
1061 2582 1304 2625 orationem
1326 2590 1402 2625 aut
1423 2582 1699 2637 sententiam,
1735 2596 1847 2639 quae
1877 2596 2008 2624 sanae
2040 2580 2177 2624 menti
2200 2581 2334 2624 tribui

158 2674 247 2702 non
277 2659 428 2716 possit,
463 2658 541 2701 sed
562 2658 644 2701 hoc
665 2663 868 2715 μείουρον
890 2675 1027 2717 genus
1050 2660 1263 2703 orationis
1285 2661 1555 2704 affirmamus
1578 2675 1605 2703 a
1626 2675 1732 2703 vera
1762 2659 1988 2717 Euripidis
2021 2659 2334 2703 consuetudine

159 2736 406 2792 abhorrere,
427 2736 515 2793 qui,
536 2735 650 2793 quod
669 2736 818 2780 multis
837 2737 1050 2795 exemplis
1066 2737 1258 2794 docetur,
1278 2744 1498 2782 extremas
1515 2737 1656 2795 ῥήσεις
1678 2753 1765 2780 non
1786 2745 1876 2781 tam
1897 2738 2118 2796 praecisas
2136 2737 2335 2781 desinere

159 2831 290 2874 quam
323 2814 513 2872 quodam
545 2815 693 2858 nativo
729 2831 858 2859 cursu
891 2815 1033 2860 evolvi
1063 2816 1230 2861 maluit.
1280 2816 1435 2874 Itaque
1468 2816 1577 2861 duos
1610 2818 1718 2861 istos
1741 2833 1893 2862 versus
1916 2833 2024 2875 quos
2057 2817 2123 2861 illi
2156 2817 2336 2861 demunt

163 2894 409 2937 excutimus
442 2893 583 2952 ipsos,
619 2899 665 2936 ut
697 2893 802 2951 quid
834 2895 926 2937 veri
958 2895 1003 2937 in
1036 2894 1104 2950 iis,
1139 2894 1245 2952 quid
1276 2894 1377 2938 falsi
1409 2895 1468 2938 sit
1499 2902 1574 2938 aut
1605 2910 1690 2954 quo
1723 2895 1853 2939 modo
1885 2895 1941 2939 ad
1972 2910 2120 2939 veram
2151 2895 2336 2940 formam

157 2973 354 3018 revocari
387 2972 561 3031 possint
594 2987 922 3030 cognoscamus.
976 2971 1038 3018 Ut
1066 2979 1308 3018 structurae
1330 2974 1438 3019 satis
1460 2974 1585 3019 fieret
1611 2974 1656 3019 in
1679 2975 1834 3033 priore,
1857 2974 2066 3020 Reiskius
2088 2973 2230 3032 ἄλκαρ
2250 2974 2336 3031 γὰρ

157 3051 307 3096 ἐλθών
349 3050 504 3095 ἱκανὸν
542 3052 600 3095 ἄν
635 3054 781 3106 γένοιο
821 3053 872 3095 σύ
904 3051 1224 3095 restituendum
1266 3053 1453 3096 coniecit
1491 3052 1740 3097 coniectura
1778 3054 1995 3112 speciosa,
2045 3067 2157 3112 quae
2194 3053 2337 3098 adhuc

159 3131 289 3174 elaris
323 3129 581 3187 editoribus,
615 3128 862 3188 Hartungo,
897 3129 1098 3174 Nauckio
1130 3131 1351 3188 probatur.
1407 3129 1496 3176 Sed
1528 3131 1572 3176 in
1606 3131 1687 3176 hac
1720 3132 1917 3177 oratione
1947 3131 2098 3178 ἐλθών
2129 3138 2221 3177 tam
2248 3147 2337 3176 non

158 3210 394 3266 requiritur
430 3216 478 3253 ut
514 3225 652 3267 paene
693 3209 926 3254 molestum
961 3209 1160 3253 videatur
1191 3210 1427 3266 adiectum,
1468 3212 1541 3269 qui
1582 3227 1684 3255 vero
1721 3211 1839 3262 ἅλις,
1876 3211 1974 3262 ἅλις
2003 3210 2110 3267 γάρ,
2144 3211 2241 3261 ἅλις
2272 3212 2335 3265 δέ,

159 3304 290 3345 quam
323 3287 530 3344 frequens
571 3288 628 3332 sit
660 3288 706 3331 in
746 3304 826 3332 usu
858 3287 1097 3345 Euripideo
1132 3288 1508 3345 circumspexerit,
1554 3290 1601 3333 in
1633 3288 1716 3333 hac
1747 3290 1965 3334 sententia
1995 3305 2084 3333 non
2118 3288 2338 3333 dubitabit
