<?xml version="1.0" encoding="UTF-8"?>
<!DOCTYPE html PUBLIC "-//W3C//DTD XHTML 1.0 Transitional//EN"
    "http://www.w3.org/TR/xhtml1/DTD/xhtml1-transitional.dtd">
<html xmlns="http://www.w3.org/1999/xhtml" xml:lang="en" lang="en">
 <head>
  <title>
</title>
<meta http-equiv="Content-Type" content="text/html;charset=utf-8" />
  <meta name='ocr-system' content='tesseract 3.04.00' />
  <meta name='ocr-capabilities' content='ocr_page ocr_carea ocr_par ocr_line ocrx_word'/>
</head>
<body>
  <div class='ocr_page' id='page_1' title='image "4766200_0035.png"; bbox 0 0 2478 3489; ppageno 0'>
   <div class='ocr_carea' id='block_1_1' title="bbox 1189 137 1248 182">
    <p class='ocr_par' dir='ltr' id='par_1_1' title="bbox 1189 137 1248 182">
     <span class='ocr_line' id='line_1_1' title="bbox 1189 137 1248 182; baseline 0 0"><span class='ocrx_word' id='word_1_1' title='bbox 1189 137 1248 182; x_wconf 76' lang='lat'><strong>25</strong></span> 
     </span>
    </p>
   </div>
   <div class='ocr_carea' id='block_1_2' title="bbox 134 257 2300 1887">
    <p class='ocr_par' dir='ltr' id='par_1_2' title="bbox 134 257 2295 460">
     <span class='ocr_line' id='line_1_2' title="bbox 712 257 1673 314; baseline 0.002 -13"><span class='ocrx_word' id='word_1_2' title='bbox 712 259 742 301; x_wconf 88' lang='grc' dir='ltr'><strong><em>ἃ</em></strong></span> <span class='ocrx_word' id='word_1_3' title='bbox 773 260 856 302; x_wconf 71' lang='grc' dir='ltr'><strong><em>κᾶν</em></strong></span> <span class='ocrx_word' id='word_1_4' title='bbox 885 260 1009 302; x_wconf 72' lang='grc' dir='ltr'><strong><em>θεῶν</em></strong></span> <span class='ocrx_word' id='word_1_5' title='bbox 1039 274 1117 310; x_wconf 82' lang='grc' dir='ltr'><strong><em>τις,</em></strong></span> <span class='ocrx_word' id='word_1_6' title='bbox 1148 259 1188 301; x_wconf 77' lang='grc' dir='ltr'><strong>εἴ</strong></span> <span class='ocrx_word' id='word_1_7' title='bbox 1216 257 1377 314; x_wconf 77' lang='grc' dir='ltr'><strong><em>μα’θοι,</em></strong></span> <span class='ocrx_word' id='word_1_8' title='bbox 1407 263 1673 304; x_wconf 76' lang='grc' dir='ltr'><strong><em>καταστένοι.</em></strong></span> 
     </span>
     <span class='ocr_line' id='line_1_3' title="bbox 134 335 2295 396; baseline 0 -16"><span class='ocrx_word' id='word_1_9' title='bbox 134 335 388 381; x_wconf 76' lang='lat' dir='ltr'><strong>Sententiae</strong></span> <span class='ocrx_word' id='word_1_10' title='bbox 420 336 704 381; x_wconf 82' lang='lat' dir='ltr'><strong>conformatio</strong></span> <span class='ocrx_word' id='word_1_11' title='bbox 737 353 867 396; x_wconf 90' lang='lat' dir='ltr'><strong>quam</strong></span> <span class='ocrx_word' id='word_1_12' title='bbox 898 337 1099 381; x_wconf 85' lang='lat' dir='ltr'><strong>volumus</strong></span> <span class='ocrx_word' id='word_1_13' title='bbox 1130 336 1264 381; x_wconf 89' lang='lat' dir='ltr'><strong>habet</strong></span> <span class='ocrx_word' id='word_1_14' title='bbox 1295 336 1462 394; x_wconf 86' lang='lat' dir='ltr'><strong>aliquid</strong></span> <span class='ocrx_word' id='word_1_15' title='bbox 1495 337 1794 382; x_wconf 80' lang='lat' dir='ltr'><strong>similitudinis</strong></span> <span class='ocrx_word' id='word_1_16' title='bbox 1828 353 1926 381; x_wconf 91' lang='lat' dir='ltr'><strong>cum</strong></span> <span class='ocrx_word' id='word_1_17' title='bbox 1954 353 2006 382; x_wconf 91' lang='lat' dir='ltr'><strong>ea</strong></span> <span class='ocrx_word' id='word_1_18' title='bbox 2027 353 2139 395; x_wconf 89' lang='lat' dir='ltr'><strong>quae</strong></span> <span class='ocrx_word' id='word_1_19' title='bbox 2161 343 2229 382; x_wconf 89' lang='lat' dir='ltr'><strong>est</strong></span> <span class='ocrx_word' id='word_1_20' title='bbox 2250 337 2295 381; x_wconf 82' lang='lat' dir='ltr'><strong>in</strong></span> 
     </span>
     <span class='ocr_line' id='line_1_4' title="bbox 135 415 518 460; baseline 0.003 -1"><span class='ocrx_word' id='word_1_21' title='bbox 135 415 364 460; x_wconf 86' lang='lat' dir='ltr'><strong>Phoeniss.</strong></span> <span class='ocrx_word' id='word_1_22' title='bbox 401 416 518 460; x_wconf 88' lang='lat'>1344</span> 
     </span>
    </p>

    <p class='ocr_par' dir='ltr' id='par_1_3' title="bbox 724 489 1733 552">
     <span class='ocr_line' id='line_1_5' title="bbox 724 489 1733 552; baseline -0.003 -12"><span class='ocrx_word' id='word_1_23' title='bbox 724 510 797 540; x_wconf 78' lang='grc' dir='ltr'><strong>ΚΡ.</strong></span> <span class='ocrx_word' id='word_1_24' title='bbox 846 492 881 538; x_wconf 82' lang='grc' dir='ltr'><em>ὦ</em></span> <span class='ocrx_word' id='word_1_25' title='bbox 912 491 1075 551; x_wconf 70' lang='grc' dir='ltr'><strong><em>δώματ’</em></strong></span> <span class='ocrx_word' id='word_1_26' title='bbox 1106 489 1368 552; x_wconf 73' lang='grc' dir='ltr'><strong><em>εἰσηκούσατ’</em></strong></span> <span class='ocrx_word' id='word_1_27' title='bbox 1395 492 1579 537; x_wconf 75' lang='grc' dir='ltr'><strong><em>Οἰδίπου</em></strong></span> <span class='ocrx_word' id='word_1_28' title='bbox 1610 492 1733 547; x_wconf 71' lang='lat' dir='ltr'><strong>uide,-</strong></span> 
     </span>
    </p>

    <p class='ocr_par' dir='ltr' id='par_1_4' title="bbox 135 571 2296 865">
     <span class='ocr_line' id='line_1_6' title="bbox 717 571 1962 630; baseline -0.002 -10"><span class='ocrx_word' id='word_1_29' title='bbox 717 588 794 620; x_wconf 84' lang='lat' dir='ltr'><strong>xo.</strong></span> <span class='ocrx_word' id='word_1_30' title='bbox 842 573 938 617; x_wconf 80' lang='grc' dir='ltr'><strong><em>ὥστ’</em></strong></span> <span class='ocrx_word' id='word_1_31' title='bbox 970 574 1027 617; x_wconf 80' lang='grc' dir='ltr'><strong><em>ἂν</em></strong></span> <span class='ocrx_word' id='word_1_32' title='bbox 1057 573 1272 630; x_wconf 77' lang='grc' dir='ltr'><strong><em>δακρῦσαί</em></strong></span> <span class='ocrx_word' id='word_1_33' title='bbox 1299 573 1355 625; x_wconf 74' lang='grc' dir='ltr'><strong>γ’,</strong></span> <span class='ocrx_word' id='word_1_34' title='bbox 1386 573 1426 615; x_wconf 75' lang='grc' dir='ltr'><strong>εἰ</strong></span> <span class='ocrx_word' id='word_1_35' title='bbox 1455 572 1685 629; x_wconf 82' lang='grc' dir='ltr'><strong><em>φρονοῦντ’</em></strong></span> <span class='ocrx_word' id='word_1_36' title='bbox 1717 571 1962 628; x_wconf 75' lang='grc' dir='ltr'><strong><em>ἐτύγχανεν.</em></strong></span> 
     </span>
     <span class='ocr_line' id='line_1_7' title="bbox 135 649 2296 710; baseline 0 -16"><span class='ocrx_word' id='word_1_37' title='bbox 135 649 345 695; x_wconf 85' lang='lat' dir='ltr'><strong>Ceterum</strong></span> <span class='ocrx_word' id='word_1_38' title='bbox 383 651 437 695; x_wconf 85' lang='lat' dir='ltr'><strong>de</strong></span> <span class='ocrx_word' id='word_1_39' title='bbox 469 651 554 695; x_wconf 83' lang='lat' dir='ltr'><strong>diis</strong></span> <span class='ocrx_word' id='word_1_40' title='bbox 586 651 811 695; x_wconf 89' lang='lat' dir='ltr'><strong>hominum</strong></span> <span class='ocrx_word' id='word_1_41' title='bbox 844 667 970 696; x_wconf 87' lang='lat' dir='ltr'><strong>casus</strong></span> <span class='ocrx_word' id='word_1_42' title='bbox 1004 652 1434 706; x_wconf 87' lang='lat' dir='ltr'><strong>commiserantibus,</strong></span> <span class='ocrx_word' id='word_1_43' title='bbox 1469 659 1517 694; x_wconf 90' lang='lat' dir='ltr'><strong>ut</strong></span> <span class='ocrx_word' id='word_1_44' title='bbox 1548 652 1772 695; x_wconf 83' lang='lat' dir='ltr'><strong>mittamus</strong></span> <span class='ocrx_word' id='word_1_45' title='bbox 1805 668 1856 695; x_wconf 92' lang='lat' dir='ltr'><strong>ea</strong></span> <span class='ocrx_word' id='word_1_46' title='bbox 1886 668 1996 710; x_wconf 89' lang='lat' dir='ltr'><strong>quae</strong></span> <span class='ocrx_word' id='word_1_47' title='bbox 2028 653 2072 696; x_wconf 93' lang='lat' dir='ltr'><strong>in</strong></span> <span class='ocrx_word' id='word_1_48' title='bbox 2104 651 2296 697; x_wconf 82' lang='lat' dir='ltr'>Hercule</span> 
     </span>
     <span class='ocr_line' id='line_1_8' title="bbox 142 729 2296 790; baseline 0 -16"><span class='ocrx_word' id='word_1_49' title='bbox 142 730 256 774; x_wconf 80' lang='lat'>1127</span> <span class='ocrx_word' id='word_1_50' title='bbox 289 730 558 789; x_wconf 84' lang='lat' dir='ltr'><strong>Amphitryo</strong></span> <span class='ocrx_word' id='word_1_51' title='bbox 598 745 697 774; x_wconf 91' lang='lat' dir='ltr'><strong>cum</strong></span> <span class='ocrx_word' id='word_1_52' title='bbox 734 731 1035 787; x_wconf 83' lang='lat' dir='ltr'><strong>indignatione</strong></span> <span class='ocrx_word' id='word_1_53' title='bbox 1068 731 1175 773; x_wconf 87' lang='lat' dir='ltr'><strong>dicit</strong></span> <span class='ocrx_word' id='word_1_54' title='bbox 1206 731 1310 788; x_wconf 86' lang='lat' dir='ltr'><strong>quia</strong></span> <span class='ocrx_word' id='word_1_55' title='bbox 1340 730 1462 773; x_wconf 81' lang='lat' dir='ltr'><strong>nulla</strong></span> <span class='ocrx_word' id='word_1_56' title='bbox 1491 729 1687 788; x_wconf 88' lang='lat' dir='ltr'><strong>Iuppiter</strong></span> <span class='ocrx_word' id='word_1_57' title='bbox 1717 730 1797 774; x_wconf 89' lang='lat' dir='ltr'><strong>has</strong></span> <span class='ocrx_word' id='word_1_58' title='bbox 1828 731 2024 775; x_wconf 85' lang='lat' dir='ltr'><strong>miserias</strong></span> <span class='ocrx_word' id='word_1_59' title='bbox 2056 732 2296 790; x_wconf 83' lang='lat' dir='ltr'><strong>respiciens</strong></span> 
     </span>
     <span class='ocr_line' id='line_1_9' title="bbox 137 808 873 865; baseline 0 -13"><span class='ocrx_word' id='word_1_60' title='bbox 137 808 436 853; x_wconf 84' lang='lat' dir='ltr'><strong>misericordia</strong></span> <span class='ocrx_word' id='word_1_61' title='bbox 465 810 630 852; x_wconf 87' lang='lat' dir='ltr'><strong>moveri</strong></span> <span class='ocrx_word' id='word_1_62' title='bbox 663 809 873 865; x_wconf 82' lang='lat' dir='ltr'><strong>videatur,</strong></span> 
     </span>
    </p>

    <p class='ocr_par' dir='ltr' id='par_1_5' title="bbox 136 885 2019 1025">
     <span class='ocr_line' id='line_1_10' title="bbox 714 885 1771 944; baseline -0.001 -13"><span class='ocrx_word' id='word_1_63' title='bbox 714 885 750 931; x_wconf 82' lang='grc' dir='ltr'><em>ὦ</em></span> <span class='ocrx_word' id='word_1_64' title='bbox 780 888 882 938; x_wconf 79' lang='grc' dir='ltr'><strong><em>Ζεῦ,</em></strong></span> <span class='ocrx_word' id='word_1_65' title='bbox 913 888 1016 943; x_wconf 85' lang='grc' dir='ltr'><strong><em>παρ’</em></strong></span> <span class='ocrx_word' id='word_1_66' title='bbox 1037 887 1172 944; x_wconf 85' lang='grc' dir='ltr'><strong><em>Ἤρας</em></strong></span> <span class='ocrx_word' id='word_1_67' title='bbox 1204 885 1272 943; x_wconf 84' lang='grc' dir='ltr'><strong>ἆρ’</strong></span> <span class='ocrx_word' id='word_1_68' title='bbox 1306 885 1411 943; x_wconf 79' lang='grc' dir='ltr'><strong><em>ὁρᾷς</em></strong></span> <span class='ocrx_word' id='word_1_69' title='bbox 1441 885 1621 944; x_wconf 74' lang='grc' dir='ltr'><strong><em>θρόνων</em></strong></span> <span class='ocrx_word' id='word_1_70' title='bbox 1652 886 1771 938; x_wconf 73' lang='grc' dir='ltr'><strong><em>τάδε,</em></strong></span> 
     </span>
     <span class='ocr_line' id='line_1_11' title="bbox 136 963 2019 1025; baseline 0.001 -15"><span class='ocrx_word' id='word_1_71' title='bbox 136 981 266 1025; x_wconf 88' lang='lat' dir='ltr'><strong>saepe</strong></span> <span class='ocrx_word' id='word_1_72' title='bbox 298 966 360 1010; x_wconf 91' lang='lat' dir='ltr'><strong>dii</strong></span> <span class='ocrx_word' id='word_1_73' title='bbox 389 966 476 1024; x_wconf 91' lang='lat' dir='ltr'><strong>ipsi</strong></span> <span class='ocrx_word' id='word_1_74' title='bbox 506 966 732 1024; x_wconf 88' lang='lat' dir='ltr'><strong>Euripidei</strong></span> <span class='ocrx_word' id='word_1_75' title='bbox 764 966 900 1010; x_wconf 85' lang='lat' dir='ltr'><strong>verba</strong></span> <span class='ocrx_word' id='word_1_76' title='bbox 928 965 1107 1022; x_wconf 89' lang='lat' dir='ltr'><strong>faciunt,</strong></span> <span class='ocrx_word' id='word_1_77' title='bbox 1139 966 1258 1009; x_wconf 88' lang='lat' dir='ltr'><strong>velut</strong></span> <span class='ocrx_word' id='word_1_78' title='bbox 1288 966 1335 1009; x_wconf 89' lang='lat' dir='ltr'><strong>in</strong></span> <span class='ocrx_word' id='word_1_79' title='bbox 1364 965 1608 1023; x_wconf 85' lang='lat' dir='ltr'><strong>Hippolyto</strong></span> <span class='ocrx_word' id='word_1_80' title='bbox 1639 965 1836 1010; x_wconf 88' lang='lat' dir='ltr'><strong>Artemis</strong></span> <span class='ocrx_word' id='word_1_81' title='bbox 1858 963 2019 1022; x_wconf 88' lang='grc'>(1339)</span> 
     </span>
    </p>

    <p class='ocr_par' dir='ltr' id='par_1_6' title="bbox 714 1043 1723 1102">
     <span class='ocr_line' id='line_1_12' title="bbox 714 1043 1723 1102; baseline -0.001 -15"><span class='ocrx_word' id='word_1_82' title='bbox 714 1043 903 1102; x_wconf 76' lang='grc' dir='ltr'><strong><em>μάλιστα</em></strong></span> <span class='ocrx_word' id='word_1_83' title='bbox 932 1048 1014 1101; x_wconf 85' lang='grc' dir='ltr'><strong><em>μέν</em></strong></span> <span class='ocrx_word' id='word_1_84' title='bbox 1043 1060 1122 1088; x_wconf 83' lang='grc' dir='ltr'><strong>νυν</strong></span> <span class='ocrx_word' id='word_1_85' title='bbox 1152 1046 1220 1088; x_wconf 83' lang='grc' dir='ltr'><strong>σοὶ</strong></span> <span class='ocrx_word' id='word_1_86' title='bbox 1251 1043 1346 1087; x_wconf 78' lang='grc' dir='ltr'><strong><em>τάδ’</em></strong></span> <span class='ocrx_word' id='word_1_87' title='bbox 1377 1045 1566 1100; x_wconf 76' lang='grc' dir='ltr'><strong><em>ἔρρωγεν</em></strong></span> <span class='ocrx_word' id='word_1_88' title='bbox 1596 1043 1723 1094; x_wconf 73' lang='grc' dir='ltr'><strong><em>κακοί,</em></strong></span> 
     </span>
    </p>

    <p class='ocr_par' dir='ltr' id='par_1_7' title="bbox 715 1120 1684 1180">
     <span class='ocr_line' id='line_1_13' title="bbox 715 1120 1684 1180; baseline -0.001 -14"><span class='ocrx_word' id='word_1_89' title='bbox 715 1122 830 1180; x_wconf 80' lang='grc' dir='ltr'><strong><em>λύπη</em></strong></span> <span class='ocrx_word' id='word_1_90' title='bbox 861 1123 910 1166; x_wconf 76' lang='grc' dir='ltr'><strong>δὲ</strong></span> <span class='ocrx_word' id='word_1_91' title='bbox 941 1120 1088 1178; x_wconf 73' lang='grc' dir='ltr'><strong><em>κάμοί·</em></strong></span> <span class='ocrx_word' id='word_1_92' title='bbox 1123 1122 1220 1173; x_wconf 82' lang='grc' dir='ltr'><strong><em>τοὺς</em></strong></span> <span class='ocrx_word' id='word_1_93' title='bbox 1249 1122 1334 1178; x_wconf 80' lang='grc' dir='ltr'><strong>γὰρ</strong></span> <span class='ocrx_word' id='word_1_94' title='bbox 1366 1120 1552 1179; x_wconf 68' lang='grc' dir='ltr'><em>εἷπεβεῖς</em></span> <span class='ocrx_word' id='word_1_95' title='bbox 1582 1125 1684 1166; x_wconf 73' lang='grc' dir='ltr'><strong><em>θεοί</em></strong></span> 
     </span>
    </p>

    <p class='ocr_par' dir='ltr' id='par_1_8' title="bbox 537 1198 1830 1264">
     <span class='ocr_line' id='line_1_14' title="bbox 537 1198 1830 1264; baseline -0.002 -18"><span class='ocrx_word' id='word_1_96' title='bbox 537 1202 652 1246; x_wconf 89' lang='grc'><strong>1340</strong></span> <span class='ocrx_word' id='word_1_97' title='bbox 713 1201 986 1264; x_wconf 78' lang='grc' dir='ltr'><strong><em>θνῄσκοντας</em></strong></span> <span class='ocrx_word' id='word_1_98' title='bbox 1017 1199 1070 1244; x_wconf 81' lang='grc' dir='ltr'><strong>οὗ</strong></span> <span class='ocrx_word' id='word_1_99' title='bbox 1099 1206 1312 1258; x_wconf 79' lang='grc' dir='ltr'><strong><em>χαίρουσι·</em></strong></span> <span class='ocrx_word' id='word_1_100' title='bbox 1349 1200 1446 1251; x_wconf 75' lang='grc' dir='ltr'><strong><em>τοιῖς</em></strong></span> <span class='ocrx_word' id='word_1_101' title='bbox 1475 1218 1525 1254; x_wconf 77' lang='grc' dir='ltr'><strong>γε</strong></span> <span class='ocrx_word' id='word_1_102' title='bbox 1555 1200 1642 1258; x_wconf 79' lang='grc' dir='ltr'><strong><em>μὴν</em></strong></span> <span class='ocrx_word' id='word_1_103' title='bbox 1672 1198 1830 1251; x_wconf 79' lang='grc' dir='ltr'><strong><em>κακούς</em></strong></span> 
     </span>
    </p>

    <p class='ocr_par' dir='ltr' id='par_1_9' title="bbox 139 1278 1634 1415">
     <span class='ocr_line' id='line_1_15' title="bbox 715 1278 1634 1335; baseline -0.002 -13"><span class='ocrx_word' id='word_1_104' title='bbox 715 1278 860 1330; x_wconf 72' lang='grc' dir='ltr'><strong><em>αὐτοῖς</em></strong></span> <span class='ocrx_word' id='word_1_105' title='bbox 891 1284 1072 1323; x_wconf 78' lang='grc' dir='ltr'><strong><em>τέκνοισι</em></strong></span> <span class='ocrx_word' id='word_1_106' title='bbox 1101 1282 1175 1322; x_wconf 80' lang='grc' dir='ltr'><strong>καὶ</strong></span> <span class='ocrx_word' id='word_1_107' title='bbox 1206 1279 1355 1335; x_wconf 83' lang='grc' dir='ltr'><strong><em>δόμοις</em></strong></span> <span class='ocrx_word' id='word_1_108' title='bbox 1385 1278 1634 1335; x_wconf 72' lang='grc' dir='ltr'><strong><em>ἕξόλλυμεν.</em></strong></span> 
     </span>
     <span class='ocr_line' id='line_1_16' title="bbox 139 1356 900 1415; baseline 0.001 -13"><span class='ocrx_word' id='word_1_109' title='bbox 139 1366 184 1403; x_wconf 90' lang='lat' dir='ltr'><strong>et</strong></span> <span class='ocrx_word' id='word_1_110' title='bbox 214 1359 261 1402; x_wconf 88' lang='lat' dir='ltr'><strong>in</strong></span> <span class='ocrx_word' id='word_1_111' title='bbox 292 1359 469 1403; x_wconf 88' lang='lat' dir='ltr'><strong>Electra</strong></span> <span class='ocrx_word' id='word_1_112' title='bbox 498 1356 753 1415; x_wconf 80' lang='grc' dir='ltr'><strong><em>Διόσκουροι</em></strong></span> <span class='ocrx_word' id='word_1_113' title='bbox 786 1358 900 1403; x_wconf 86' lang='grc'><strong>1327</strong></span> 
     </span>
    </p>

    <p class='ocr_par' dir='ltr' id='par_1_10' title="bbox 715 1434 1453 1494">
     <span class='ocr_line' id='line_1_17' title="bbox 715 1434 1453 1494; baseline 0 -14"><span class='ocrx_word' id='word_1_114' title='bbox 715 1438 799 1494; x_wconf 78' lang='grc' dir='ltr'><strong>φεῦ</strong></span> <span class='ocrx_word' id='word_1_115' title='bbox 831 1437 933 1494; x_wconf 78' lang='grc' dir='ltr'><strong>φεῦ·</strong></span> <span class='ocrx_word' id='word_1_116' title='bbox 967 1435 1111 1480; x_wconf 81' lang='grc' dir='ltr'><strong><em>δεινὸν</em></strong></span> <span class='ocrx_word' id='word_1_117' title='bbox 1141 1435 1230 1480; x_wconf 83' lang='grc' dir='ltr'><strong><em>τόδ’</em></strong></span> <span class='ocrx_word' id='word_1_118' title='bbox 1262 1434 1453 1494; x_wconf 76' lang='grc' dir='ltr'><strong><em>ἐγηρύσω</em></strong></span> 
     </span>
    </p>

    <p class='ocr_par' dir='ltr' id='par_1_11' title="bbox 715 1511 1156 1560">
     <span class='ocr_line' id='line_1_18' title="bbox 715 1511 1156 1560; baseline 0 -1"><span class='ocrx_word' id='word_1_119' title='bbox 715 1516 789 1559; x_wconf 80' lang='grc' dir='ltr'><strong>καὶ</strong></span> <span class='ocrx_word' id='word_1_120' title='bbox 819 1518 963 1559; x_wconf 73' lang='grc' dir='ltr'><strong><em>θεοῖσι</em></strong></span> <span class='ocrx_word' id='word_1_121' title='bbox 994 1511 1156 1560; x_wconf 75' lang='grc' dir='ltr'><strong><em>κλύειν·</em></strong></span> 
     </span>
    </p>

    <p class='ocr_par' dir='ltr' id='par_1_12' title="bbox 716 1588 1514 1648">
     <span class='ocr_line' id='line_1_19' title="bbox 716 1588 1514 1648; baseline -0.001 -12"><span class='ocrx_word' id='word_1_122' title='bbox 716 1592 780 1636; x_wconf 83' lang='grc' dir='ltr'><strong><em>ἔνι</em></strong></span> <span class='ocrx_word' id='word_1_123' title='bbox 810 1591 895 1648; x_wconf 80' lang='grc' dir='ltr'><strong>γὰρ</strong></span> <span class='ocrx_word' id='word_1_124' title='bbox 927 1588 1059 1648; x_wconf 72' lang='grc' dir='ltr'><strong>κάμοὶ</strong></span> <span class='ocrx_word' id='word_1_125' title='bbox 1089 1600 1177 1642; x_wconf 81' lang='grc' dir='ltr'><strong><em>τοῖς</em></strong></span> <span class='ocrx_word' id='word_1_126' title='bbox 1208 1593 1241 1635; x_wconf 91' lang='grc' dir='ltr'><strong><em>τ’</em></strong></span> <span class='ocrx_word' id='word_1_127' title='bbox 1264 1588 1514 1647; x_wconf 81' lang='grc' dir='ltr'><strong><em>οὗρανίδαις</em></strong></span> 
     </span>
    </p>

    <p class='ocr_par' dir='ltr' id='par_1_13' title="bbox 539 1669 1396 1728">
     <span class='ocr_line' id='line_1_20' title="bbox 539 1669 1396 1728; baseline -0.001 -13"><span class='ocrx_word' id='word_1_128' title='bbox 539 1672 656 1716; x_wconf 90' lang='grc'><strong>1330</strong></span> <span class='ocrx_word' id='word_1_129' title='bbox 717 1673 850 1715; x_wconf 77' lang='grc' dir='ltr'><strong><em>οἶκτοι</em></strong></span> <span class='ocrx_word' id='word_1_130' title='bbox 880 1672 1056 1728; x_wconf 71' lang='grc' dir='ltr'><strong><em>θνητῶν</em></strong></span> <span class='ocrx_word' id='word_1_131' title='bbox 1086 1669 1396 1727; x_wconf 72' lang='grc' dir='ltr'><strong><em>πολυμόχθων.</em></strong></span> 
     </span>
    </p>

    <p class='ocr_par' dir='ltr' id='par_1_14' title="bbox 141 1747 2300 1887">
     <span class='ocr_line' id='line_1_21' title="bbox 141 1747 2300 1808; baseline -0.002 -14"><span class='ocrx_word' id='word_1_132' title='bbox 141 1748 267 1803; x_wconf 83' lang='lat' dir='ltr'><strong>Quae</strong></span> <span class='ocrx_word' id='word_1_133' title='bbox 299 1750 373 1808; x_wconf 88' lang='lat' dir='ltr'><strong>qui</strong></span> <span class='ocrx_word' id='word_1_134' title='bbox 406 1751 651 1794; x_wconf 86' lang='lat' dir='ltr'><strong>accuratius</strong></span> <span class='ocrx_word' id='word_1_135' title='bbox 683 1750 966 1808; x_wconf 83' lang='lat' dir='ltr'><strong>perspexerit,</strong></span> <span class='ocrx_word' id='word_1_136' title='bbox 1001 1750 1125 1793; x_wconf 91' lang='lat' dir='ltr'><strong>dabit</strong></span> <span class='ocrx_word' id='word_1_137' title='bbox 1153 1749 1339 1793; x_wconf 87' lang='lat' dir='ltr'><strong>fortasse</strong></span> <span class='ocrx_word' id='word_1_138' title='bbox 1366 1764 1423 1792; x_wconf 88' lang='lat' dir='ltr'><strong>ne</strong></span> <span class='ocrx_word' id='word_1_139' title='bbox 1445 1764 1541 1792; x_wconf 86' lang='lat' dir='ltr'><strong>eam</strong></span> <span class='ocrx_word' id='word_1_140' title='bbox 1563 1748 1741 1805; x_wconf 87' lang='lat' dir='ltr'><strong>quidem</strong></span> <span class='ocrx_word' id='word_1_141' title='bbox 1762 1762 1892 1804; x_wconf 90' lang='lat' dir='ltr'><strong>quam</strong></span> <span class='ocrx_word' id='word_1_142' title='bbox 1913 1747 2179 1791; x_wconf 90' lang='lat' dir='ltr'><strong>restituimus</strong></span> <span class='ocrx_word' id='word_1_143' title='bbox 2202 1761 2300 1790; x_wconf 91' lang='lat' dir='ltr'><strong>sen-</strong></span> 
     </span>
     <span class='ocr_line' id='line_1_22' title="bbox 142 1827 1725 1887; baseline -0.001 -16"><span class='ocrx_word' id='word_1_144' title='bbox 142 1829 324 1872; x_wconf 84' lang='lat' dir='ltr'><strong>tentiam</strong></span> <span class='ocrx_word' id='word_1_145' title='bbox 356 1830 411 1873; x_wconf 89' lang='lat' dir='ltr'><strong>ab</strong></span> <span class='ocrx_word' id='word_1_146' title='bbox 442 1829 667 1887; x_wconf 89' lang='lat' dir='ltr'><strong>Euripidis</strong></span> <span class='ocrx_word' id='word_1_147' title='bbox 701 1836 776 1873; x_wconf 91' lang='lat' dir='ltr'><strong>aut</strong></span> <span class='ocrx_word' id='word_1_148' title='bbox 807 1828 1145 1886; x_wconf 85' lang='lat' dir='ltr'><strong>Amphitryonis</strong></span> <span class='ocrx_word' id='word_1_149' title='bbox 1178 1835 1323 1872; x_wconf 89' lang='lat' dir='ltr'><strong>mente</strong></span> <span class='ocrx_word' id='word_1_150' title='bbox 1353 1827 1489 1872; x_wconf 88' lang='lat' dir='ltr'><strong>fuisse</strong></span> <span class='ocrx_word' id='word_1_151' title='bbox 1522 1828 1725 1871; x_wconf 86' lang='lat' dir='ltr'><strong>alienam.</strong></span> 
     </span>
    </p>
   </div>
   <div class='ocr_carea' id='block_1_3' title="bbox 357 1923 1263 1970">
    <p class='ocr_par' dir='ltr' id='par_1_15' title="bbox 357 1923 1263 1970">
     <span class='ocr_line' id='line_1_23' title="bbox 357 1923 1263 1970; baseline -0.001 -1"><span class='ocrx_word' id='word_1_152' title='bbox 357 1923 450 1969; x_wconf 88' lang='lat' dir='ltr'><strong>Sor.</strong></span> <span class='ocrx_word' id='word_1_153' title='bbox 484 1942 541 1970; x_wconf 92' lang='lat' dir='ltr'><strong>m.</strong></span> <span class='ocrx_word' id='word_1_154' title='bbox 575 1926 810 1970; x_wconf 89' lang='lat' dir='ltr'><strong>Decembri</strong></span> <span class='ocrx_word' id='word_1_155' title='bbox 841 1942 879 1969; x_wconf 87' lang='lat' dir='ltr'><strong>a.</strong></span> <span class='ocrx_word' id='word_1_156' title='bbox 902 1923 1263 1969; x_wconf 80' lang='lat' dir='ltr'>MDCCGXCII.</span> 
     </span>
    </p>
   </div>
  </div>
 </body>
</html>
