2478 3489
1202 133 1255 176 11

144 254 290 306 γένοιο
322 247 375 294 σύ
404 256 522 293 recte
554 249 641 294 dici
674 251 730 295 ad
762 266 861 295 eum
892 252 1070 296 modum
1102 267 1187 311 quo
1209 252 1431 311 σφαλερὸν
1452 251 1624 309 ἡγεμών
1654 249 1825 307 θρασύς
1852 248 2026 310 (Suppl.
2050 248 2171 306 508),
2196 252 2317 302 ἐλπὶς

144 335 316 387 βροωτς
352 327 554 373 κάκιστον
575 327 702 384 (ibid.
719 327 841 386 479),
874 329 1062 386 τερπνὸν
1090 330 1281 387 τράπεζα
1312 330 1475 389 πλήρης
1505 331 1704 389 (Hippol.
1725 328 1831 387 109)
1863 330 2074 374 credibile
2105 345 2195 373 non
2233 338 2314 385 est,

145 406 225 452 sed
256 405 405 457 ἱκανὸς
435 407 483 451 in
513 406 667 452 ἱκανὸν
698 423 748 452 eo
780 405 1039 467 praesertim
1069 410 1167 453 loco
1198 425 1286 453 non
1319 409 1541 467 difficilius
1563 411 1684 453 abire
1705 411 1847 467 potuit
1867 425 1999 468 quam
2020 410 2092 453 vel
2112 408 2315 466 λαμπρός

144 485 190 528 in
223 483 429 541 λαμπρόν
464 485 575 529 abiit
605 482 758 544 Suppl.
780 487 872 531 440
902 489 976 530 καὶ
1006 488 1138 531 ταῦθ’
1159 484 1183 530 ὖ
1208 485 1373 549 χρῄζων
1391 486 1590 544 λαμπρός
1620 488 1734 531 ἐστιν
1765 487 1883 541 (libri
1907 484 2143 545 λαμπρόν),
2177 487 2223 530 in
2240 487 2314 530 iis·

145 563 332 621 demque
352 564 736 608 terminationibus
757 571 908 608 notum
930 572 998 608 est
1018 580 1148 623 saepe
1163 565 1376 609 fluctuare
1392 565 1644 609 testimonia
1659 566 1899 622 scripturae
1915 566 2036 609 velut
2052 564 2205 624 Suppl.
2223 567 2314 609 914

145 649 193 684 et
220 639 366 684 Orest.
388 629 518 697 1300,
552 649 601 684 ut
631 649 776 685 utrum
808 637 1051 685 sententiae
1082 644 1194 686 ratio
1225 650 1380 701 poscat
1411 643 1506 685 sine
1537 642 1824 685 haesitatione
1851 644 2022 686 restitui
2043 644 2195 701 possit.
2244 643 2313 685 De

144 719 358 778 asyndeto
389 726 536 763 autem
566 720 681 778 quod
719 721 920 764 volumus
953 735 1050 764 esse
1080 721 1128 764 in
1159 720 1312 765 eodem
1336 736 1477 776 versu,
1512 735 1611 764 cum
1643 721 1781 764 multa
1812 721 1956 764 afferri
1988 723 2172 779 possint,
2204 722 2311 765 satis

146 799 204 843 sit
235 797 320 842 duo
341 814 399 842 ex
418 798 502 842 hac
523 799 622 860 ipsa
641 798 790 843 fabula
809 800 951 858 promi
973 799 1191 857 exempla:
1225 800 1311 844 617
1335 796 1413 844 οὔκ
1433 800 1569 844 οἶδεν·
1603 800 1754 844 ἐλθών
1775 796 1967 843 τάνθάδ’
1994 800 2150 858 εἰδείην
2170 799 2312 856 πάρος

144 878 237 921 sive
269 876 386 935 qnod
405 876 768 922 Wilamowitzius
799 878 978 935 scripsit
1008 878 1295 935 probabiliter
1325 876 1405 923 οὐκ
1425 879 1562 923 οἶδεν·
1588 876 1731 934 ἦλθον
1751 875 1944 922 τάνθάδ’
1965 878 2132 922 εἰδέναι
2153 878 2308 935 πάρος,

142 961 187 999 et
220 955 339 999 1414
369 953 487 1010 ἄγαν
516 957 573 1010 γ’·
614 954 639 1000 ὁ
669 954 836 1008 κλεινός
859 954 1076 1014 “Ηρακλῆς
1107 956 1193 1001 ποῦ
1221 964 1361 1008 κεῖνος
1393 955 1456 1000 ὧν
1487 956 1543 1001 ab
1577 956 1730 1000 eodem
1762 955 2100 1000 Wilamowitzio
2132 956 2311 1015 pulchre

141 1033 391 1078 restitutum
424 1034 472 1078 in
502 1034 620 1079 hunc
650 1034 828 1079 modum
859 1034 976 1089 ἄγαν
1005 1037 1063 1089 γ’·
1097 1033 1121 1079 ὃ
1153 1034 1319 1086 κλεινὸς
1342 1034 1554 1092 Ἡρακλῆς
1575 1032 1655 1078 οὒκ
1686 1037 1729 1078 εἶ
1756 1039 1912 1079 νοσῶν.
1953 1033 2079 1089 Quae
2110 1034 2312 1093 exempla

142 1118 339 1170 apertum
373 1119 441 1157 est
471 1112 578 1170 quid
609 1113 910 1158 similitudinis
932 1113 1048 1158 inter
1069 1128 1116 1157 se
1144 1120 1189 1157 et
1210 1128 1307 1158 cum
1328 1120 1481 1158 nostro
1502 1113 1695 1158 habeant
1716 1121 1759 1157 et
1780 1128 1912 1171 quam
1929 1113 2056 1157 facile
2079 1112 2147 1156 his
2170 1113 2309 1157 tribus

144 1190 248 1235 addi
277 1191 526 1236 coniunctio
547 1192 750 1249 potuerit.
797 1191 850 1236 In
871 1207 1001 1237 versu
1023 1192 1152 1236 tertio
1174 1194 1234 1242 εἰς
1256 1195 1303 1236 σέ
1322 1210 1387 1246 γε,
1419 1192 1473 1237 de
1495 1207 1581 1250 quo
1603 1192 1708 1236 olim
1729 1192 1960 1236 variabant
1979 1191 2143 1236 indicia
2165 1191 2309 1236 docto-

143 1286 241 1314 rum
262 1268 413 1325 (Anal.
431 1269 583 1328 Eurip.
598 1267 719 1326 234),
743 1271 781 1314 si
803 1286 905 1314 vere
927 1269 1136 1314 traditum
1158 1277 1237 1326 est,
1261 1270 1374 1328 quod
1396 1271 1485 1314 iam
1495 1269 1826 1315 Wilamowitzii
1847 1270 2023 1315 silentio
2045 1270 2164 1314 credi
2186 1286 2310 1328 opor·

143 1355 219 1404 tet,
242 1364 331 1392 non
352 1347 640 1393 destituemus
662 1363 743 1392 nec
764 1347 1021 1392 accedemus
1043 1347 1099 1392 iis
1122 1348 1196 1407 qui
1217 1350 1325 1392 εἰσιν
1342 1348 1474 1393 edere
1495 1348 1753 1404 maluerunt,
1788 1349 1828 1392 si
1848 1347 2026 1406 quidem
2046 1348 2155 1391 illud
2177 1347 2310 1392 habet

141 1426 258 1484 quod
295 1427 460 1484 optime
500 1426 555 1471 ad
594 1427 709 1470 hanc
746 1427 1006 1471 sententiam
1038 1427 1181 1485 facere
1212 1427 1423 1471 videatur.
1471 1427 1648 1470 Etenim
1681 1428 1742 1477 εἰς
1772 1427 2038 1485 praepositio
2070 1442 2188 1470 nunc
2220 1442 2309 1470 non

140 1506 204 1548 ita
223 1505 368 1563 posita
388 1513 456 1548 est
475 1512 525 1548 ut
543 1508 744 1561 κακίστην
763 1507 825 1555 εἰς
846 1505 967 1548 παῖδ’
987 1505 1094 1562 ἐμόν
1114 1502 1255 1560 (223),
1278 1505 1348 1548 vel
1367 1507 1430 1554 εἰς
1450 1507 1604 1562 φίλους
1625 1505 1734 1561 ἔφυς
1754 1504 1885 1554 κακός
1906 1503 2071 1561 (Orest.
2089 1502 2213 1560 424),
2237 1506 2309 1548 vel

142 1584 373 1633 Μενέλεως
393 1582 590 1634 κάκιστος
611 1584 654 1633 ἒς
674 1584 752 1638 ἐμέ
770 1582 896 1639 (ibid.
916 1581 1036 1638 736),
1060 1598 1202 1641 neque
1218 1583 1264 1626 in
1281 1583 1370 1626 vim
1386 1584 1725 1641 comparationis
1743 1584 1966 1641 accipitur,
2001 1583 2076 1626 sed
2101 1599 2182 1626 usu
2204 1591 2307 1626 noto

140 1659 214 1716 (de
236 1676 321 1719 quo
340 1660 702 1705 Wilamowitzius
725 1661 779 1704 ad
804 1677 843 1704 v.
863 1662 921 1705 63
943 1668 988 1704 et
1010 1662 1093 1704 171
1118 1659 1362 1715 adnotavit)
1386 1659 1519 1718 ‘quod
1543 1658 1722 1704 attinet'
1756 1661 1827 1704 vel
1850 1659 1923 1704 ‘de
1945 1676 2032 1718 quo
2053 1658 2212 1718 agitur’
2243 1663 2306 1704 in-

140 1740 269 1783 dicat.
309 1738 371 1783 Ut
402 1739 509 1783 haec
541 1739 601 1782 sit
631 1739 850 1782 sententia
873 1737 945 1782 ‘de
977 1745 1020 1782 te
1051 1739 1227 1797 quidem
1261 1739 1298 1782 si
1330 1740 1473 1794 agitur
1503 1736 1583 1796 (im
1613 1739 1821 1782 Hinbliek
1852 1736 1953 1796 auf)
1983 1739 2130 1795 ignavi
2165 1737 2303 1782 sunt.'

138 1818 292 1877 Neque
322 1835 372 1872 γε
402 1818 617 1876 particula
646 1834 735 1862 non
767 1817 894 1861 affert
925 1817 1040 1876 quod
1063 1818 1168 1861 utile
1191 1818 1267 1862 sit:
1303 1818 1367 1862 sic
1388 1818 1506 1861 enim
1525 1800 1741 1861 Hercules
1770 1818 1815 1861 in
1837 1832 1923 1876 quo
1945 1817 2012 1860 illi
2033 1817 2183 1875 ignavi
2204 1826 2307 1862 sunt

137 1898 299 1956 opponi
331 1898 504 1941 videtur
528 1898 679 1942 liberis
701 1898 795 1941 eius
827 1898 874 1941 in
895 1898 1055 1956 quibus
1088 1897 1388 1941 fortitudinem
1409 1913 1514 1953 prae
1539 1913 1586 1941 se
1618 1898 1763 1941 ferunt
1792 1905 1838 1940 ut
1869 1897 2068 1941 occidere
2100 1897 2303 1941 audeant.

138 1975 226 2020 Sed
257 1976 374 2020 hunc
406 1992 580 2020 versum
611 1976 989 2031 Wilamowitzius‚
1024 1984 1072 2019 ut
1106 1976 1183 2019 alii
1225 1984 1326 2019 ante
1365 1992 1477 2032 eum,
1524 1976 1759 2020 delendum
1803 1978 1991 2031 censuit3
2038 1984 2081 2019 et
2125 1977 2305 2020 concedi

137 2063 319 2113 oportet,
353 2057 400 2098 in
432 2071 485 2098 ea
508 2056 649 2098 forma
669 2070 800 2112 quam
821 2056 917 2112 ipse
939 2055 1153 2112 superiori
1176 2056 1321 2097 versui
1345 2055 1479 2110 dedit,
1514 2056 1631 2097 hunc
1654 2071 1739 2097 non
1764 2056 1940 2112 requiri,
1974 2057 2020 2097 in
2042 2063 2203 2110 nostra,
2238 2056 2301 2097 uti

137 2134 341 2190 diximus,
365 2135 521 2177 abesse
552 2149 640 2176 non
672 2134 823 2190 potuit.
872 2130 1004 2185 Quod
1036 2148 1142 2175 vero
1163 2133 1281 2175 hunc
1312 2134 1715 2190 versum-ineptum
1748 2149 1844 2177 esse
1877 2134 1997 2186 dicit,
2030 2134 2133 2190 quia
2152 2134 2300 2190 Lycus

134 2227 223 2254 non
256 2213 398 2254 solum
429 2227 528 2254 cum
547 2212 739 2254 Hercule
761 2220 1036 2268 comparatus
1060 2211 1136 2253 sed
1160 2218 1312 2267 suapte
1335 2219 1492 2253 natura
1524 2211 1654 2259 κακός
1684 2212 1816 2253 fuerit
1847 2219 1891 2253 et
1921 2212 1961 2253 si
1981 2212 2196 2254 Hercules
2227 2216 2301 2253 καὶ

135 2288 234 2332 σκιὰ
266 2293 421 2347 φανείς
452 2288 584 2333 saluti
615 2305 711 2333 esse
742 2289 894 2347 possit,
933 2288 979 2331 id
1011 2289 1056 2331 in
1088 2288 1226 2346 ipsius
1260 2288 1576 2344 magnitudine,
1616 2303 1703 2331 non
1736 2288 1783 2331 in
1814 2288 2090 2331 inimicorum
2122 2289 2300 2344 ignavia

134 2368 327 2424 positum
358 2369 429 2424 sit,
467 2368 552 2411 hoc
582 2368 910 2425 respondemus,
941 2366 1181 2424 Megaram,
1220 2382 1481 2424 quamquam
1514 2366 1751 2409 Herculem
1782 2367 1915 2409 etiam
1947 2367 2127 2410 umbrae
2158 2367 2300 2411 instar

132 2454 426 2490 revertentem
457 2447 564 2491 satis
597 2446 752 2490 salutis
784 2446 1016 2489 allaturum
1048 2444 1240 2498 confidit,
1273 2452 1434 2500 tamen,
1468 2444 1682 2503 quidquid
1704 2452 1807 2487 ante
1828 2444 1975 2488 locuta
1996 2452 2063 2488 est
2082 2446 2298 2489 moriendi

134 2531 263 2580 certa,
297 2525 478 2569 minime
509 2526 599 2569 iam
630 2540 754 2583 spem
786 2525 1000 2568 abiecisse
1032 2524 1123 2567 fore
1156 2531 1204 2567 ut
1233 2524 1361 2567 vivus
1393 2523 1544 2567 redeat
1574 2539 1629 2567 ex
1660 2523 1832 2579 inferis;
1864 2524 2118 2568 redeuntem
2151 2533 2299 2568 autem

133 2597 408 2662 quocumque
444 2603 574 2648 modo
605 2603 843 2648 Herculem
880 2602 998 2660 quod
1035 2616 1184 2659 parem
1220 2601 1312 2646 fore
1350 2601 1457 2645 dicit
1492 2602 1682 2646 inimicis
1724 2602 1885 2660 quippe
1917 2603 2169 2660 inbellibus,
2209 2618 2298 2647 non

132 2696 231 2727 cum
263 2682 474 2728 dedecore
504 2681 709 2727 Herculis
742 2682 842 2739 dici,
875 2697 965 2727 non
994 2682 1135 2740 magis
1168 2696 1298 2740 quam
1329 2680 1446 2739 quod
1475 2680 1740 2739 Amphitryo
1771 2680 1977 2726 reducem
2008 2682 2150 2726 filium
2183 2698 2299 2727 com·

130 2763 368 2807 monefacit
397 2760 506 2819 (586
523 2759 641 2819 sqq.)
672 2777 727 2804 ne
758 2761 1012 2819 imprudens
1035 2762 1082 2804 in
1105 2761 1381 2804 inimicorum
1402 2761 1554 2818 plagas
1576 2761 1787 2815 incurrat3
1822 2761 1875 2803 de
1897 2775 1985 2818 quo
2006 2761 2188 2818 Megara
2207 2762 2299 2805 fere

131 2841 294 2884 sentire
325 2840 509 2897 videtur,
543 2838 661 2897 quod
692 2839 855 2882 milites
886 2835 1116 2882 Salaminii
1148 2838 1194 2881 in
1225 2838 1364 2881 Aiace
1397 2837 1450 2881 de
1483 2837 1591 2880 duce
1623 2853 1701 2881 suo
1735 2853 1832 2881 cum
1865 2839 1928 2881 ita
1959 2838 2111 2882 dicunt

633 2918 719 2962 165
779 2914 926 2974 χῆμεΐς
957 2913 1088 2961 οῦδὲν
1119 2920 1337 2973 σθένομεν
1365 2915 1473 2971 πρὸς
1503 2917 1624 2960 ταῦτ’

777 2993 1093 3048 ἇπαλέξασθαι
1123 2997 1202 3039 σοῦ
1230 2997 1376 3051 χωρὶς,
1407 2994 1536 3047 ἄναξ.

778 3071 872 3118 ἀλλ’
903 3073 973 3116 ὅτε
1001 3072 1088 3128 γὰρ
1119 3073 1173 3130 δη
1204 3074 1251 3124 τό
1284 3072 1362 3117 σὸν
1393 3058 1492 3130 ὄμμ’
1514 3069 1733 3129 α’πέδραν,

777 3152 1044 3206 παταγοῦσιν
1074 3151 1151 3199 ἅτε
1181 3152 1354 3209 πτηνῶν
1384 3148 1561 3205 ἀγέλαι·

774 3233 916 3286 μέγαν
946 3227 1150 3282 αἰγυπιόν
1181 3229 1222 3272 δ’
1253 3227 1558 3279 ὑποδείσαντες

631 3310 717 3354 170
779 3307 869 3363 τάχ’
902 3307 959 3351 ἂν
988 3308 1214 3364 ἐξαίφνης,
1244 3309 1285 3351 εἰ
1314 3307 1367 3351 σὺ
1398 3311 1596 3365 φανείης,

775 3389 870 3450 σιγῇ
900 3384 1104 3448 πτήξειαν
1135 3384 1323 3446 ἄφωνω.

1955 3460 2003 3489 ὁ).
