2478 3489
1214 103 1270 146 14

731 225 844 281 εὕρω
875 223 1088 282 πτερωτὸς
1119 225 1145 281 ἢ
1175 221 1284 267 κατὰ
1318 222 1496 278 χθονὸς.
1514 221 1685 280 μολώνς

731 304 829 360 φέρ’
852 303 910 346 ἄν
940 321 979 346 τι
1002 335 1013 345 .
1040 336 1050 345 .
1073 333 1084 344 .
1115 305 1240 359 κρατὶ
1270 300 1492 358 περιβάλω
1524 299 1686 351 σκότος.
1730 316 1734 320 ·

550 383 669 426 1160
730 381 993 438 αἰσχύνομαι
1022 380 1109 438 γὰρ
1142 391 1231 433 τοῖς
1261 382 1543 438 δεδραμένοις
1572 388 1722 430 κακοῖς

727 463 802 503 καὶ
832 461 942 519 τῷδε
973 460 1299 518 προστρόπαιον
1330 461 1439 518 αἷμα
1471 456 1733 516 προσλαβών

584 561 641 568 -
724 536 854 583 οὗδὲν
884 541 1079 584 κακῶσαι
1110 539 1211 591 τοὺς
1243 530 1466 591 ἀναιτίους
1497 541 1634 585 θέλω.

146 617 403 662 Omittimus
435 617 523 660 alia
553 617 599 660 in
632 616 701 661 his
734 616 788 660 de
820 617 980 675 quibus
1012 616 1131 661 haud
1162 618 1378 662 inutiliter
1398 617 1629 677 ‘disputari
1667 615 1829 674 possit:
1871 614 1926 659 de
1963 620 2158 659 extremo
2196 629 2328 659 versu

146 696 354 752 dicemus,
388 710 474 753 quo
507 695 680 738 sublato
715 694 1079 739 Wilamowitzius
1112 695 1282 740 duobus
1315 696 1391 754 qui
1423 695 1689 754 praecedunt
1721 694 1835 738 hanc
1865 693 2051 737 formam
2083 692 2227 737 induit

729 772 992 829 αἰσχύνομαι
1022 774 1108 830 γὰρ
1139 783 1227 824 τοῖς
1259 774 1543 831 δεδραμένοις
1572 782 1721 823 κακοῖς

726 854 800 896 καὶ
832 853 941 912 τῷδε
973 851 1299 909 προστρόπαιον
1330 852 1442 910 αἷμα
1473 853 1750 910 προσβαλῶν.

147 929 222 976 Sic
245 932 362 976 enim
385 931 591 989 disputat,
626 933 728 987 αἰσχ
747 930 835 988 ’νην
857 947 943 989 qua
965 947 1013 976 se
1034 932 1181 976 velare
1214 932 1333 990 cupit
1363 931 1580 977 Hercules
1612 947 1663 976 eo
1697 932 1910 976 contineri
1942 930 2071 989 quod,
2105 930 2209 988 quia
2239 944 2329 974 nou

146 1010 268 1068 prius
307 1015 494 1053 mortem
526 1008 703 1063 obierit,
745 1008 879 1053 etiam
916 1008 1019 1053 huic
1057 1009 1199 1053 amico
1232 1017 1276 1053 et
1307 1016 1495 1067 cognato
1526 1025 1617 1054 non
1647 1009 1790 1068 possit
1819 1025 1908 1053 non
1941 1007 2160 1067 piaculum
2191 1024 2219 1051 a
2249 1022 2330 1052 sua

151 1088 284 1131 caede
307 1087 520 1146 infligere.
562 1085 651 1130 Sed
672 1088 719 1131 in
741 1102 793 1130 ea
814 1102 860 1130 re
884 1087 1152 1132 discedimus
1175 1103 1202 1131 a
1223 1087 1469 1132 doctissimi
1491 1088 1575 1131 viri
1608 1088 1848 1132 sententia:
1882 1087 1990 1131 duas
2022 1087 2141 1131 cuim
2173 1100 2329 1131 causas

149 1180 387 1223 agnoscere
420 1165 621 1208 videmur
652 1165 811 1224 quibus
845 1166 990 1209 visum
1013 1164 1174 1210 Thesei
1206 1166 1409 1210 devitans
1443 1173 1574 1224 caput
1604 1165 1739 1224 pallio
1772 1166 1977 1210 obvelare
2009 1165 2189 1210 festinat
2218 1164 2330 1209 Her-

147 1245 287 1300 cules3
322 1258 507 1302 quarum
529 1244 650 1302 prior
671 1250 739 1288 est
761 1244 864 1303 quia
892 1258 939 1294 se
970 1241 1112 1288 videri
1144 1259 1234 1288 non
1267 1244 1362 1287 vult
1392 1243 1563 1288 nefasta
1595 1243 1730 1288 caede
1760 1250 2023 1303 perpetrata,
2057 1243 2195 1288 altera
2226 1242 2330 1302 quia

146 1331 321 1367 veretur
358 1339 414 1367 ne
457 1330 637 1381 aspectu
670 1338 750 1367 suo
783 1323 1059 1381 contagionis
1092 1323 1301 1368 damnum
1333 1324 1474 1368 amico
1506 1324 1718 1368 allaturus
1750 1324 1822 1368 sit.
1875 1321 1963 1367 Illa
1993 1329 2144 1381 aperta
2175 1328 2243 1367 est
2272 1322 2329 1367 iis

148 1417 261 1460 quae
290 1402 398 1445 dicit
425 1399 772 1459 ὀφθησόμεσθα,
804 1404 878 1445 καὶ
910 1400 1188 1446 τεκνοκτόνον
1219 1400 1355 1458 μύσος
1385 1403 1447 1452 εἷς
1477 1400 1648 1459 ὄμμαθ’
1679 1401 1773 1458 ἥξει
1803 1399 1996 1460 φιλτάτῳ
2029 1403 2166 1455 ξένων
2196 1401 2330 1457 ἐμῶν,

147 1496 286 1538 eaque
315 1496 417 1539 pars
450 1481 662 1525 orationis
696 1480 899 1524 concludi
931 1488 1050 1524 recte
1083 1481 1146 1524 sic
1179 1488 1227 1524 ut
1257 1480 1369 1524 nihil
1402 1480 1722 1524 desideraretur
1751 1480 1799 1523 in
1831 1479 1949 1524 hunc
1981 1479 2159 1524 modum
2189 1480 2332 1539 potuit

147 1562 271 1614 κρατὶ
303 1559 526 1615 περιβάλω
559 1557 730 1609 σκότος·
768 1557 1033 1615 αἰσχύνομαι
1063 1558 1149 1615 γὰρ
1180 1567 1268 1609 τοῖς
1299 1559 1582 1615 δεδραμένοις
1611 1567 1773 1609 κακοῖς.
1837 1557 1992 1616 quue
2022 1559 2199 1602 nomine
2231 1573 2331 1602 cum

146 1638 216 1681 his
250 1638 504 1696 conspirant
536 1652 588 1681 ea
620 1651 733 1695 quae
766 1637 873 1680 dicit
904 1634 1085 1680 Orestes
1118 1635 1185 1693 (in
1216 1637 1476 1694 cognomine
1506 1636 1657 1680 fabula
1688 1636 1796 1690 459)
1944 1634 1947 1637 ’

731 1712 986 1773 ἀπωλόμην,
1022 1718 1244 1761 Μενέλαε·
1281 1715 1542 1771 Τυνδάρεως
1574 1713 1648 1760 ὅδε

584 1794 676 1838 460
739 1798 890 1848 στείχει
922 1792 1032 1849 πρὸς
1064 1792 1192 1850 ἡμᾶς,
1224 1790 1277 1837 οὗ
1307 1792 1480 1850 μάλιστ’
1512 1791 1650 1844 αἰδώς
1680 1795 1724 1849 μ’
1739 1794 1824 1848 ἔχει

729 1874 792 1923 εἰς
824 1871 980 1929 ὄμματ’
1012 1872 1165 1916 ἐλθεῖν
1197 1879 1332 1916 τοῖσιν
1363 1872 1710 1928 ἐξειργασμένοις

583 1951 670 1995 467
1462 1954 1557 1994 τίνα
1589 1950 1745 1995 σκότον

735 2029 858 2086 λα’βω
891 2027 1132 2086 προσώποις
1165 2038 1295 2074 ποῖον
1325 2030 1597 2085 ἐπίπροσθεν
1628 2033 1762 2088 νέφος

726 2110 907 2164 θῶμαι,
939 2111 1141 2164 γέροντος
1174 2105 1382 2165 ὄμματων
1412 2106 1589 2166 φεύγων
1621 2107 1752 2165 κόρας
1759 2129 1774 2162 ,·

147 2187 403 2244 Eademque
436 2193 582 2231 mente
616 2187 678 2231 ait
709 2187 899 2231 Hecuba
932 2203 1030 2230 cum
1064 2186 1381 2244 Polymestoris
1414 2194 1640 2244 aspectum
1672 2187 1833 2243 refugit
1864 2184 1994 2242 (Hec.
2027 2184 2135 2243 968)

734 2264 998 2320 αἰσχύνομαι
1030 2280 1076 2309 σε
1108 2267 1396 2322 προσβλέπειν
1427 2267 1641 2320 ἐναντίον,

731 2345 1033 2401 Πολυμῆστορ,
1066 2345 1114 2387 ἐν
1145 2345 1329 2387 τοιοῖσδε
1361 2348 1532 2401 κειμένη
1564 2353 1728 2395 κακοῖς.

731 2423 817 2479 ὅτῳ
849 2422 933 2477 γὰρ
967 2423 1131 2479 ὤφθην
1162 2420 1392 2477 εὗτυχοῦσ’,
1425 2422 1561 2474 αἶδιός
1591 2424 1636 2480 μ’
1659 2424 1744 2477 ἔχει

729 2502 777 2544 ἐν
809 2502 917 2559 τῷδε
949 2500 1100 2556 πότμῳ
1131 2501 1390 2555 τυγχανουσ*
1423 2504 1479 2545 ἵν’
1511 2504 1598 2557 εἰμὶ
1628 2503 1708 2544 νῦν

730 2576 833 2622 κοῦκ
865 2580 922 2622 ἂν
953 2581 1167 2636 δυναίμην
1198 2582 1486 2635 προσβλέπειν
1518 2578 1679 2635 ὀρθαῖς
1711 2578 1871 2634 κόραις.

150 2657 307 2700 Fuisse
346 2663 492 2699 autem
523 2655 706 2699 alteram
740 2671 917 2700 causam
949 2672 1037 2713 qua
1068 2673 1115 2700 se
1146 2657 1361 2701 Hercules
1394 2658 1534 2715 aspici
1568 2673 1594 2700 a
1626 2657 1796 2701 Theseo
1828 2657 2035 2713 noluerit,
2085 2673 2139 2701 ex
2171 2658 2226 2702 iis
2259 2673 2331 2702 co-

151 2735 379 2793 gnoscitur
411 2749 522 2793 quae
560 2734 790 2792 quaerenti
822 2734 994 2778 Theseo
1030 2735 1148 2780 1198
1185 2739 1226 2778 τί
1255 2734 1342 2791 γὰρ
1375 2737 1602 2779 πέπλοισιν
1639 2734 1806 2779 ἄθλιον
1843 2734 2017 2792 κρύπτει
2048 2735 2185 2792 κόρας
2223 2737 2332 2781 Am-

149 2815 327 2873 phitryo
358 2812 597 2870 respondet
622 2813 738 2857 1199
761 2811 994 2868 αῑδόμενος
1015 2812 1062 2856 τὰ
1086 2812 1164 2857 σὸν
1186 2813 1307 2870 ὄμμα
1327 2816 1400 2857 καὶ
1422 2816 1575 2871 φιλίαν
1596 2812 1821 2871 ὁμόφυλον
1842 2812 1954 2870 αἷμά
1974 2832 2018 2859 τε
2038 2813 2331 2873 παιδοφόνον,

151 2894 293 2951 magis
332 2894 464 2937 etiam
503 2892 559 2936 iis
598 2907 710 2950 quae
750 2890 947 2935 Theseus
988 2891 1095 2935 dicit
1131 2891 1371 2935 Herculem
1406 2899 1682 2936 recusantem
1721 2891 1962 2937 admonens
1999 2901 2049 2937 ut
2084 2893 2333 2938 velamenta

151 2972 322 3017 reiiciat
355 2979 399 3015 et
431 2971 573 3014 amico
607 2970 778 3014 vultum
799 2977 997 3028 apertum
1026 2970 1235 3014 ostendat
1268 2971 1385 3015 1218

730 3053 770 3093 τί
799 3066 875 3105 μοι
906 3053 1121 3104 προσείων
1151 3058 1274 3105 χεῖρα
1305 3054 1524 3107 σημαίνεις
1556 3049 1720 3108 φόβον,·

732 3127 790 3178 ὦς
820 3126 879 3184 μὴ
908 3127 1043 3183 μύσος
1074 3145 1128 3183 με
1159 3130 1247 3171 σῶν
1276 3127 1389 3186 βάλῃ
1421 3129 1827 3186 προσφθεγμάτων,-

551 3206 670 3250 1220
732 3203 863 3250 οὐδὲν
893 3207 1013 3262 μέλει
1043 3223 1118 3264 μοι
1150 3205 1230 3251 σόν
1260 3223 1310 3261 γε
1342 3209 1410 3251 σοὶ
1441 3205 1650 3264 πράσσειν
1682 3210 1837 3262 κακῶς,

151 3292 194 3328 et
224 3285 307 3328 hoc
340 3285 577 3328 eorundem
610 3300 810 3328 sermone
844 3286 917 3341 qui
952 3285 1160 3342 deinceps
1195 3286 1391 3342 sequitur
